@Misc{Obesitypreventingmanaging,
  title = {Obesity: preventing and managing the global epidemic. Report of a WHO consultation. World Health Organ Tech Rep Ser. 2000, 894: i-xii. 1-253},
  type  = {Generic},
}

@Misc{prepublicationhistory,
  title = {The pre-publication history for this paper can be accessed here:http://www.biomedcentral.com/1471-2458/11/336/prepub},
  type  = {Generic},
  url   = {http://www.biomedcentral.com/1471-2458/11/336/prepub},
}

@Misc{SeppHBWEnkaetfraagor,
  title = {Sepp HBW: Enk{\"a}tfr{\aa}gor om kost och fysisk aktivitet bland vuxna. Edited by: Livsmedelsverket. 2004, Stockholm, 21},
  type  = {Generic},
}

@InBook{Abidin1990ParentingStressIndex,
  title     = {Parenting Stress Index (PSI)-Manual},
  year      = {1990},
  author    = {Abidin, R. R.},
  type      = {Book Section},
  booktitle = {Psychological Assessment Resources. Odessa FL},
}

@Misc{ABS199948040NationalNutrition,
  author    = {{Australian Bureau of Statistics}},
  title     = {4804.0 - National Nutrition Survey: Foods Eaten, Australia, 1995},
  year      = {1999},
  publisher = {Australian Bureau of Statistics},
  type      = {Web Page},
  url       = {http://www.abs.gov.au/AUSSTATS/abs@.nsf/0/9A125034802F94CECA2568A9001393CE},
}

@Misc{ABS200043060Apparentconsumption,
  author    = {{Australian Bureau of Statistics}},
  title     = {4306.0 - Apparent consumption of foodstuffs, 1997-98 and 1998-99},
  year      = {2000},
  publisher = {Australian Bureau of Statistics},
  type      = {Web Page},
  url       = {http://www.abs.gov.au/AUSSTATS/abs@.nsf/Lookup/3101.0Main+Features1Dec%202015?OpenDocument},
}

@Misc{ABS200943640NationalHealth,
  author    = {{Australian Bureau of Statistics}},
  title     = {4364.0 - National Health Survey: Summary of Results, 2007-2008 (Reissue)},
  year      = {2009},
  publisher = {Australian Bureau of Statistics},
  type      = {Web Page},
  url       = {http://www.abs.gov.au/ausstats/abs@.nsf/mf/4364.0},
}

@Misc{ABS201165300HouseholdExpenditure,
  author    = {{Australian Bureau of Statistics}},
  title     = {6530.0 - Household Expenditure Survey, Australia, 2009-10},
  year      = {2011},
  publisher = {Australian Bureau of Statistics},
  type      = {Web Page},
  url       = {http://www.abs.gov.au/ausstats/abs@.nsf/mf/6530.0/},
}

@Misc{ABS201165230HouseholdIncome,
  author    = {{Australian Bureau of Statistics}},
  title     = {6523.0 - Household Income and Income Distribution, Australia, 2009-10},
  year      = {2011},
  publisher = {Australian Bureau of Statistics},
  type      = {Web Page},
  url       = {http://www.abs.gov.au/AUSSTATS/abs@.nsf/allprimarymainfeatures/A10330FBBCC2C03FCA257BB80023DEC6?opendocument},
}

@Misc{ABS20134364055002AustralianHealth,
  author    = {{Australian Bureau of Statistics}},
  title     = {4364.0.55.002 - Australian Health Survey: Health Service Usage and Health Related Actions, 2011-12},
  year      = {2013},
  publisher = {Australian Bureau of Statistics},
  type      = {Web Page},
  url       = {http://www.abs.gov.au/ausstats/abs@.nsf/Lookup/4364.0.55.002main+features12011-12},
}

@Misc{ABS2013436405503AustralianHealth,
  author    = {{Australian Bureau of Statistics}},
  title     = {4364.0.55.03 - Australian Health Survey: Updated Results, 2011-2012},
  year      = {2013},
  publisher = {Australian Bureau of Statistics},
  type      = {Web Page},
  url       = {http://www.abs.gov.au/ausstats/abs@.nsf/Lookup/4364.0.55.002main+features12011-12},
}

@Misc{ABS201563333,
  author    = {{Australian Bureau of Statistics}},
  title     = {6333.0 - Characteristics of Employment, Australia, August 2014},
  year      = {2015},
  publisher = {Australian Bureau of Statistics},
  type      = {Web Page},
  url       = {http://www.abs.gov.au/AUSSTATS/abs@.nsf/DetailsPage/6333.0August%202015?OpenDocument},
}

@Misc{ABS20144364055007AustralianHealth,
  author    = {{Australian Bureau of Statistics}},
  title     = {4364.0.55.007 - Australian Health Survey: Nutrition First Results - Foods and Nutrients, 2011-12},
  year      = {2014},
  publisher = {Australian Bureau of Statistics},
  type      = {Web Page},
  url       = {http://www.abs.gov.au/ausstats/abs@.nsf/mf/4364.0.55.001},
}

@Misc{ABS20154364055001NationalHealth,
  author    = {{Australian Bureau of Statistics}},
  title     = {4364.0.55.001 - National Health Survey: First Results, 2014-15},
  year      = {2015},
  publisher = {Australian Bureau of Statistics},
  type      = {Web Page},
  url       = {http://www.abs.gov.au/ausstats/abs@.nsf/mf/4364.0.55.001},
}

@Misc{ABS201565230HouseholdIncome,
  author    = {{Australian Bureau of Statistics}},
  title     = {6523.0 Household Income and Wealth, 2013-14},
  year      = {2015},
  note = {Australian Bureau of Statistics},
  %type      = {Web Page},
  url       = {http://www.abs.gov.au/AUSSTATS/abs@.nsf/Lookup/3101.0Main+Features1Dec%202015?OpenDocument},
}

@Misc{ABS201631010AustralianDemographic,
  author    = {{Australian Bureau of Statistics}},
  title     = {3101.0 - Australian Demographic Statistics, Dec 2015},
  year      = {2016},
  publisher = {Australian Bureau of Statistics},
  type      = {Web Page},
  url       = {http://www.abs.gov.au/AUSSTATS/abs@.nsf/Lookup/3101.0Main+Features1Dec%202015?OpenDocument},
}

@Misc{ABS20164364055011AustralianHealth,
  author    = {{Australian Bureau of Statistics}},
  title     = {4364.0.55.011 - Australian Health Survey: Consumption of added sugars, 2011-12},
  year      = {2016},
  publisher = {Australian Bureau of Statistics},
  type      = {Web Page},
  url       = {http://www.abs.gov.au/AUSSTATS/abs@.nsf/Lookup/4364.0.55.011Main+Features12011-12?OpenDocument},
}

@Misc{ABS201663020AverageWeekly,
  author    = {{Australian Bureau of Statistics}},
  title     = {6302.0 - Average Weekly Earnings, Australia},
  year      = {2016},
  publisher = {Australian Bureau of Statistics},
  type      = {Web Page},
  url       = {http://www.abs.gov.au/ausstats/abs@.nsf/mf/6302.0},
}

@TechReport{Economics2008growingcostobesity,
  author = {{Access Economics}},
  title  = {The growing cost of obesity in 2008: Three years on},
  year   = {2008},
  type   = {Report},
  url    = {https://static.diabetesaustralia.com.au/s/fileassets/diabetes-australia/7b855650-e129-4499-a371-c7932f8cc38d.pdf},
}

@Article{Adams2012Effectrestrictionstelevision,
  author  = {Adams, Jean and Tyrrell, Rachel and Adamson, Ashley J and White, Martin},
  title   = {Effect of restrictions on television food advertising to children on exposure to advertisements for `less healthy' foods: Repeat cross-sectional study},
  journal = {PloS One},
  year    = {2012},
  volume  = {7},
  number  = {2},
  pages   = {e31578},
  issn    = {1932-6203},
  type    = {Journal Article},
}

@Article{Akerstedt1997Goodsleepits,
  author  = {Akerstedt, T. and Hume, K. and Minors, D. and Waterhouse, J.},
  title   = {Good sleep - its timing and physiological sleep characteristics},
  journal = {Journal of Sleep Research},
  year    = {1997},
  volume  = {6},
  doi     = {10.1111/j.1365-2869.1997.00221.x},
  type    = {Journal Article},
  url     = {http://dx.doi.org/10.1111/j.1365-2869.1997.00221.x},
}

@Article{Akerstedt2002Sleepdisturbanceswork,
  author  = {Akerstedt, T. and Knutsson, A. and Westerholm, P. and Theorell, T. and Alfredsson, L. and Kecklund, G.},
  title   = {Sleep disturbances, work stress and work hours: A cross-sectional study},
  journal = {Journal of Psychosomatic Research},
  year    = {2002},
  volume  = {53},
  doi     = {10.1016/s0022-3999(02)00333-1},
  type    = {Journal Article},
  url     = {http://dx.doi.org/10.1016/S0022-3999(02)00333-1},
}

@Article{An2013Eatingbetterless,
  author  = {An, Ruopeng and Patel, Deepak and Segal, Darren and Sturm, Roland},
  title   = {Eating better for less: A national discount program for healthy food purchases in South Africa},
  journal = {American Journal of Health Behavior},
  year    = {2013},
  volume  = {37},
  number  = {1},
  pages   = {56-61},
  issn    = {1087-3244},
  type    = {Journal Article},
}

@Article{Andreyeva2011Estimatingpotentialtaxes,
  author  = {Andreyeva, Tatiana and Chaloupka, Frank J and Brownell, Kelly D},
  title   = {Estimating the potential of taxes on sugar-sweetened beverages to reduce consumption and generate revenue},
  journal = {Preventive Medicine},
  year    = {2011},
  volume  = {52},
  number  = {6},
  pages   = {413-416},
  issn    = {0091-7435},
  type    = {Journal Article},
}

@Article{Andreyeva2011Exposurefoodadvertising,
  author  = {Andreyeva, Tatiana and Kelly, Inas Rashad and Harris, Jennifer L},
  title   = {Exposure to food advertising on television: Associations with children's fast food and soft drink consumption and obesity},
  journal = {Economics and Human Biology},
  year    = {2011},
  volume  = {9},
  number  = {3},
  pages   = {221-233},
  issn    = {1570-677X},
  type    = {Journal Article},
}

@Article{Andreyeva2010impactfoodprices,
  author  = {Andreyeva, Tatiana and Long, Michael W and Brownell, Kelly D},
  title   = {The impact of food prices on consumption: A systematic review of research on the price elasticity of demand for food},
  journal = {American Journal of Public Health},
  year    = {2010},
  volume  = {100},
  number  = {2},
  pages   = {216-222},
  issn    = {1541-0048},
  type    = {Journal Article},
}

@Article{Apovian2004Sugarsweetenedsoft,
  author  = {Apovian, Caroline M},
  title   = {Sugar-sweetened soft drinks, obesity, and type 2 diabetes},
  journal = {Journal of the American Medical Association},
  year    = {2004},
  volume  = {292},
  number  = {8},
  pages   = {978-979},
  issn    = {0098-7484},
  type    = {Journal Article},
}

@Article{Aune2016BMIallcause,
  author  = {Aune, Dagfinn and Sen, Abhijit and Prasad, Manya and Norat, Teresa and Janszky, Imre and Tonstad, Serena and Romundstad, P{\aa}l and Vatten, Lars J},
  title   = {BMI and all cause mortality: Systematic review and non-linear dose-response meta-analysis of 230 cohort studies with 3.74 million deaths among 30.3 million participants},
  journal = {British Medical Journal},
  year    = {2016},
  volume  = {353},
  number  = {i2156},
  pages   = {1-17},
  issn    = {1756-1833},
  type    = {Journal Article},
}

@TechReport{Council2012AustralianBeveragesCouncil,
  author      = {{Australian Beverages Council}},
  title       = {The Australian Beverages Council Submission to: NHMRC Australian Dietary Guidelines},
  year        = {2012},
  url         = {http://www.abc.net.au/cm/lb/5251976/data/bev-sub-to-nhmrc-data.pdf}
}

@Misc{Council2016Softdrinktax,
  author = {{Australian Beverages Council}},
  title  = {Soft drink tax an ineffective solution to obesity in Australia},
  year   = {2016},
  type   = {Web Page},
  url    = {http://australianbeverages.org/soft-drink-tax-ineffective-solution-obesity-australia/},
}

@TechReport{Health2003growingproblemTrends,
  author      = {{Australian Institute of Health and Welfare}},
  title       = {A growing problem: Trends and patterns in overweight and obesity among adults in Australia, 1980 to 2001},
  year        = {2003},
  type        = {Report},
  url         = {http://www.aihw.gov.au/WorkArea/DownloadAsset.aspx?id=6442453168},
}

@Misc{Health2012Australiasfood,
  author = {{Australian Institute of Health and Welfare}},
  title  = {Australia's food \& nutrition 2012},
  year   = {2012},
  type   = {Web Page},
  url    = {http://www.aihw.gov.au/WorkArea/DownloadAsset.aspx?id=10737422837},
}

@TechReport{Health2015HealthexpenditureAustralia,
  author = {{Australian Institute of Health and Welfare}},
  title  = {Health expenditure Australia 2013-14},
  year   = {2015},
  type   = {Report},
  url    = {http://www.aihw.gov.au/WorkArea/DownloadAsset.aspx?id=60129552833},
}

@TechReport{Health2015HealthexpenditureAustraliaa,
  author = {{Australian Institute of Health and Welfare}},
  title  = {Health expenditure Australia 2013-14},
  year   = {2015},
  type   = {Report},
  url    = {http://www.aihw.gov.au/WorkArea/DownloadAsset.aspx?id=60129552833},
}

@TechReport{Health2016AustralianBurdenDisease,
  author      = {{Australian Institute of Health and Welfare}},
  title       = {Australian Burden of Disease Study: Impact and causes of illness and death in Australia 2011},
  institution = {Australian Burden of Disease Study series no. 3. BOD 4},
  year        = {2016},
  type        = {Report},
  url         = {http://www.aihw.gov.au/WorkArea/DownloadAsset.aspx?id=60129555476},
}

@Misc{Health2016Australiasfoodnutrition,
  author = {{Australian Institute of Health and Welfare}},
  title  = {Australia's food and nutrition 2012: In brief},
  year   = {2016},
  type   = {Web Page},
  url    = {http://www.aihw.gov.au/food-and-nutrition/in-brief/#not-equal},
}

@Misc{Health2016Insufficientphysicalactivity,
  author = {{Australian Medical Association }},
  title  = {AMA Position Statement - Obesity},
  year   = {2016},
  type   = {Web Page},
  url    = {https://ama.com.au/system/tdf/documents/Obesity-2016-AMA-Position-Statement.pdf?file=1&type=node&id=45261},
}

@Misc{AMA2016position,
  author = {{Australian Institute of Health and Welfare}},
  title  = {Insufficient physical activity},
  year   = {2016},
  type   = {Web Page},
  url    = {http://www.aihw.gov.au/risk-factors/insufficient-physical-activity/},
}

@Misc{Council2016Sugarcanestatistics,
  author = {{Australian Sugar Milling Council}},
  title  = {Sugarcane statistics},
  year   = {2016},
  type   = {Web Page},
  url    = {http://asmc.com.au/industry-overview/statistics/},
}

@Misc{Office2016Exciseratesalcohol,
  author = {{Australian Taxation Office}},
  title  = {Excise rates for alcohol},
  month  = {27 July 2016},
  year   = {2016},
  type   = {Web Page},
  url    = {https://www.ato.gov.au/business/excise-and-excise-equivalent-goods/alcohol-excise/excise-rates-for-alcohol/},
}

@Misc{Office2016GSTstatusfood,
  author = {{Australian Taxation Office}},
  title  = {GST status of food items},
  month  = {5 Aug 2016},
  year   = {2016},
  type   = {Web Page},
  url    = {https://www.ato.gov.au/print-publications/gst-food-guide/?anchor=GSTstatusoffooditems#GSTstatusoffooditems},
}

@Misc{Office2016Reportingexcisepaying,
  author = {{Australian Taxation Office}},
  title  = {Reporting excise and paying duty},
  month  = {4 January 2016},
  year   = {2016},
  type   = {Web Page},
  url    = {https://www.ato.gov.au/Business/Excise-and-excise-equivalent-goods/Alcohol-excise/Reporting-excise-and-paying-duty/},
}

@Article{Backholer2016impacttaxsugar,
  author  = {Backholer, K and Sarink, D and Beauchamp, A and Keating, C and Loh, V and Ball, K and Martin, J and Peeters, A},
  title   = {The impact of a tax on sugar-sweetened beverages according to socio-economic position: A systematic review of the evidence},
  journal = {Public Health Nutrition},
  year    = {2016},
  pages   = {1-15},
  issn    = {1368-9800},
  type    = {Journal Article},
}

@Article{Backholer2014effectsugarsweetened,
  author  = {Backholer, Kathryn and Sarink, Danja and Beauchamp, Alison and Keating, Catherine and Loh, Venurs and Peeters, Anna},
  title   = {The effect of a sugar sweetened beverage tax among different socioeconomic groups: A systematic review},
  journal = {Obesity Research and Clinical Practice},
  year    = {2014},
  volume  = {8},
  pages   = {4-5},
  issn    = {1871-403X},
  type    = {Journal Article},
}

@Article{Bahl2003uneasycasediscriminatory,
  author  = {Bahl, Roy and Bird, Richard and Walker, Mary Beth},
  title   = {The uneasy case against discriminatory excise taxation: Soft drink taxes in Ireland},
  journal = {Public Finance Review},
  year    = {2003},
  volume  = {31},
  number  = {5},
  pages   = {510-533},
  issn    = {1091-1421},
  type    = {Journal Article},
}

@Article{Baker2007Childhoodbodymass,
  author  = {Baker, Jennifer L and Olsen, Lina W and S{\o}rensen, Thorkild IA},
  title   = {Childhood body-mass index and the risk of coronary heart disease in adulthood},
  journal = {New England Journal of Medicine},
  year    = {2007},
  volume  = {357},
  number  = {23},
  pages   = {2329-2337},
  issn    = {0028-4793},
  type    = {Journal Article},
}

@Misc{Baker2014Fatnationwhy,
  author    = {Baker, Phillip},
  title     = {Fat nation: Why so many Australians are obese and how to fix it},
  month     = {6 March 2014},
  year      = {2014},
  publisher = {The Conversation},
  type      = {Web Page},
  url       = {https://theconversation.com/fat-nation-why-so-many-australians-are-obese-and-how-to-fix-it-23783},
}

@Article{Bandura1989Humanagencysocial,
  author  = {Bandura, A.},
  title   = {Human agency in social cognitive theory},
  journal = {American Psychologist},
  year    = {1989},
  volume  = {44},
  doi     = {10.1037/0003-066x.44.9.1175},
  type    = {Journal Article},
  url     = {http://dx.doi.org/10.1037/0003-066X.44.9.1175},
}

@Article{Barnett2009endexternalityrevolution,
  author  = {Barnett, Andy H and Yandle, Bruce},
  title   = {The end of the externality revolution},
  journal = {Social Philosophy and Policy},
  year    = {2009},
  volume  = {26},
  number  = {02},
  pages   = {130-150},
  issn    = {1471-6437},
  type    = {Journal Article},
}

@Article{Basu2013Relationshipsoftdrink,
  author  = {Basu, Sanjay and McKee, Martin and Galea, Gauden and Stuckler, David},
  title   = {Relationship of soft drink consumption to global overweight, obesity, and diabetes: A cross-national analysis of 75 countries},
  journal = {American Journal of Public Health},
  year    = {2013},
  volume  = {103},
  number  = {11},
  pages   = {2071-2077},
  type    = {Journal Article},
}

@Article{Basu2014Avertingobesitytype,
  author  = {Basu, Sanjay and Vellakkal, Sukumar and Agrawal, Sutapa and Stuckler, David and Popkin, Barry and Ebrahim, Shah},
  title   = {Averting obesity and type 2 diabetes in India through sugar-sweetened beverage taxation: An economic-epidemiologic modeling study},
  journal = {PLoS Med},
  year    = {2014},
  volume  = {11},
  number  = {1},
  pages   = {e1001582},
  issn    = {1549-1676},
  type    = {Journal Article},
}

@Article{Batis2016FirstYearEvaluation,
  author  = {Batis, Carolina and Rivera, Juan A and Popkin, Barry M and Taillie, Lindsey Smith},
  title   = {First-Year Evaluation of Mexico's Tax on Nonessential Energy-Dense Foods: An Observational Study},
  journal = {PLoS Med},
  year    = {2016},
  volume  = {13},
  number  = {7},
  pages   = {e1002057},
  issn    = {1549-1676},
  type    = {Journal Article},
}

@Article{Bell2008Preventingchildhoodobesity,
  author  = {Bell, A Colin and Simmons, Anne and Sanigorski, Andrea M and Kremer, Peter J and Swinburn, Boyd A},
  title   = {Preventing childhood obesity: The sentinel site for obesity prevention in Victoria, Australia},
  journal = {Health Promotion International},
  year    = {2008},
  volume  = {23},
  number  = {4},
  pages   = {328-336},
  issn    = {0957-4824},
  type    = {Journal Article},
}

@Misc{Belluz2016UStaxes,
  author = {Belluz, Julia},
  title  = {In a devastating blow to the beverage industry, 4 cities passed soda taxes},
  year   = {2016},
  type   = {Generic},
  url    = {http://www.vox.com/2016/11/9/13571902/soda-taxes-vote-san-francisco-oakland-boulder-albany},
}


@Article{Berardi2016impactsodataxon,
  author  = {Berardi, Nicoletta and Sevestre, Patrick and Tepaut, Marine and Vigneron, Alexandre},
  title   = {The impact of a `soda tax' on prices: Evidence from French micro data},
  journal = {Applied Economics},
  year    = {2016},
  pages   = {1-19},
  issn    = {0003-6846},
  type    = {Journal Article},
}

@TechReport{Bergman2010Areexcisetaxes,
  author      = {Bergman, U Michael and Hansen, Niels Lyngg{\aa}rd},
  title       = {Are excise taxes on beverages fully passed through to prices? The Danish evidence},
  institution = {Danish Economic Council},
  year        = {2010},
  type        = {Report},
  url         = {http://web.econ.ku.dk/okombe/BergmanHansen.pdf},
}

@Article{Berkey2004Sugaraddedbeveragesadolescent,
  author  = {Berkey, Catherine S and Rockett, Helaine RH and Field, Alison E and Gillman, Matthew W and Colditz, Graham A},
  title   = {Sugar-added beverages and adolescent weight change},
  journal = {Obesity Research},
  year    = {2004},
  volume  = {12},
  number  = {5},
  pages   = {778-788},
  issn    = {1550-8528},
  type    = {Journal Article},
}

@Article{Bes-Rastrollo2013Financialconflictsinterest,
  author  = {Bes-Rastrollo, Maira and Schulze, Matthias B and Ruiz-Canela, Miguel and Martinez-Gonzalez, Miguel A},
  title   = {Financial conflicts of interest and reporting bias regarding the association between sugar-sweetened beverages and weight gain: A systematic review of systematic reviews},
  journal = {PLoS Med},
  year    = {2013},
  volume  = {10},
  number  = {12},
  pages   = {e1001578},
  issn    = {1549-1676},
  type    = {Journal Article},
}

@Article{Bhattacharya2011Whopaysobesity,
  author  = {Bhattacharya, Jay and Sood, Neeraj},
  title   = {Who pays for obesity?},
  journal = {The Journal of Economic Perspectives},
  year    = {2011},
  volume  = {25},
  number  = {1},
  pages   = {139-157},
  issn    = {0895-3309},
  type    = {Journal Article},
}

@Article{Biro2015Didjunkfood,
  author  = {B{\'i}r{\'o}, Anik{\'o}},
  title   = {Did the junk food tax make the Hungarians eat healthier?},
  journal = {Food Policy},
  year    = {2015},
  volume  = {54},
  pages   = {107-115},
  issn    = {0306-9192},
  type    = {Journal Article},
}

@TechReport{BITRE2010RoaddeathsAustralia,
  author      = {{Bureau of Infrastructure, Transport and Regional Economics}},
  title       = {Road deaths in Australia 1925-2008},
  institution = {Bureau of Infrastructure, Transport and Regional Economics},
  year        = {2010},
  type        = {Report},
  url         = {https://bitre.gov.au/publications/2010/files/is_038.pdf},
}

@TechReport{BITRE2016Roaddeaths,
  author      = {{Bureau of Infrastructure, Transport and Regional Economics}},
  title       = {Road deaths Australia - September 2016},
  institution = {Bureau of Infrastructure, Transport and Regional Economics},
  year        = {2016},
  type        = {Report},
  url         = 
  {https://bitre.gov.au/publications/ongoing/rda/files/RDA_September_2016.pdf},
}

@Article{Blackburn1995Effectdegreeweight,
  author  = {Blackburn, George},
  title   = {Effect of degree of weight loss on health benefits},
  journal = {Obesity Research},
  year    = {1995},
  volume  = {3},
  number  = {S2},
  pages   = {211s-216s},
  issn    = {1550-8528},
  type    = {Journal Article},
}

@TechReport{Bleich2007Whyisdeveloped,
  author      = {Bleich, Sara and Cutler, David and Murray, Christopher and Adams, Alyce},
  title       = {Why is the developed world obese?},
  institution = {National Bureau of Economic Research},
  year        = {2007},
  type        = {Report},
  url         = {http://www.nber.org/digest/nov07/w12954.html},
}

@Article{Block2010Pointpurchaseprice,
  author  = {Block, Jason P and Chandra, Amitabh and McManus, Katherine D and Willett, Walter C},
  title   = {Point-of-purchase price and education intervention to reduce consumption of sugary soft drinks},
  journal = {American Journal of Public Health},
  year    = {2010},
  volume  = {100},
  number  = {8},
  pages   = {1427-1433},
  type    = {Journal Article},
}

@TechReport{Boeckerman2016EffectWeightLabor,
  author      = {B{\"o}ckerman, Petri and Cawley, John and Viinikainen, Jutta and Lehtim{\"a}ki, Terho and Rovio, Suvi and Sepp{\"a}l{\"a}, Ilkka and Pehkonen, Jaakko and Raitakari, Olli},
  title       = {The Effect of Weight on Labor Market Outcomes: An Application of Genetic Instrumental Variables},
  institution = {National Bureau of Economic Research},
  year        = {2016},
  type        = {Report},
}

@Article{Bonnet2013Taxincidencestrategic,
  author  = {Bonnet, C{\'e}line and R{\'e}quillart, Vincent},
  title   = {Tax incidence with strategic firms in the soft drink market},
  journal = {Journal of Public Economics},
  year    = {2013},
  volume  = {106},
  pages   = {77-88},
  issn    = {0047-2727},
  type    = {Journal Article},
}

@Article{Booth2003obesity,
  author  = {Booth, Michael and Chey, Tien and Wake, Melissa and Norton, Kevin and Hesketh, Kylie and Dollman, Jim and Robertson, Ian},
  title   = {Change in the prevalence of overweight and obesity among young Australians, 1969–1997},
  journal = {American Society for Clinical Nutrition},
  year    = {2003},
  volume  = {77},
  pages   = {29-36},
  type    = {Journal Article},
}

@TechReport{Botkins2015DoesHealthInsurance,
  author      = {Botkins, Elizabeth Robison},
  title       = {Does Health Insurance Encourage Obesity? A Moral Hazard Study},
  institution = {Agricultural and Applied Economics Association},
  year        = {2015},
  type        = {Report},
  url         = {http://ageconsearch.umn.edu/bitstream/206228/2/Moral%20Hazard%20of%20health%20insurance_FinalAAEA.pdf},
}

@Article{Boyland2011Foodcommercialsincrease,
  author  = {Boyland, Emma J and Harrold, Joanne A and Kirkham, Tim C and Corker, Catherine and Cuddy, Jenna and Evans, Deborah and Dovey, Terence M and Lawton, Clare L and Blundell, John E and Halford, Jason CG},
  title   = {Food commercials increase preference for energy-dense foods, particularly in children who watch more television},
  journal = {Pediatrics},
  year    = {2011},
  volume  = {128},
  number  = {1},
  pages   = {e93-e100},
  issn    = {0031-4005},
  type    = {Journal Article},
}

@Article{Bray2004Consumptionhighfructose,
  author  = {Bray, George A and Nielsen, Samara Joy and Popkin, Barry M},
  title   = {Consumption of high-fructose corn syrup in beverages may play a role in the epidemic of obesity},
  journal = {The American Journal of Clinical Nutrition},
  year    = {2004},
  volume  = {79},
  number  = {4},
  pages   = {537-543},
  issn    = {0002-9165},
  type    = {Journal Article},
}

@Article{Briggs2013Overallincomespecific,
  author = {Briggs, Adam DM and Mytton, Oliver T and Kehlbacher, Ariane and Tiffin, Richard and Rayner, Mike and Scarborough, Peter},
  title  = {Overall and income specific effect on prevalence of overweight and obesity of 20\% sugar sweetened drink tax in UK: Econometric and comparative risk assessment modelling study},
  year   = {2013},
  issn   = {1756-1833},
  type   = {Journal Article},
}

@Article{Briggs2013potentialimpactobesity,
  author  = {Briggs, Adam DM and Mytton, Oliver T and Madden, David and O'Shea, Donal and Rayner, Mike and Scarborough, Peter},
  title   = {The potential impact on obesity of a 10\% tax on sugar-sweetened beverages in Ireland, an effect assessment modelling study},
  journal = {BioMed Central Public Health},
  year    = {2013},
  volume  = {13},
  number  = {1},
  pages   = {1},
  issn    = {1471-2458},
  type    = {Journal Article},
}

@Article{Brownell2009publichealtheconomic,
  author  = {Brownell, Kelly D and Farley, Thomas and Willett, Walter C and Popkin, Barry M and Chaloupka, Frank J and Thompson, Joseph W and Ludwig, David S},
  title   = {The public health and economic benefits of taxing sugar-sweetened beverages},
  journal = {New England Journal of Medicine},
  year    = {2009},
  volume  = {361},
  number  = {16},
  pages   = {1599-1605},
  issn    = {0028-4793},
  type    = {Journal Article},
}

@Article{Brownell2009Ouncespreventionthepublic,
  author  = {Brownell, Kelly D and Frieden, Thomas R},
  title   = {Ounces of prevention - the public policy case for taxes on sugared beverages},
  journal = {New England Journal of Medicine},
  year    = {2009},
  volume  = {360},
  number  = {18},
  pages   = {1805-1808},
  issn    = {0028-4793},
  type    = {Journal Article},
}

@Article{Brownell2009perilsignoringhistory,
  author  = {Brownell, Kelly D and Warner, Kenneth E},
  title   = {The perils of ignoring history: Big Tobacco played dirty and millions died. How similar is Big Food?},
  journal = {Milbank Quarterly},
  year    = {2009},
  volume  = {87},
  number  = {1},
  pages   = {259-294},
  issn    = {1468-0009},
  type    = {Journal Article},
}

@Article{Browning1999mythfiscalexternalities,
  author  = {Browning, Edgar K},
  title   = {The myth of fiscal externalities},
  journal = {Public Finance Review},
  year    = {1999},
  volume  = {27},
  number  = {1},
  pages   = {3-18},
  issn    = {1091-1421},
  type    = {Journal Article},
}

@Article{Brunello2009riseobesityEurope,
  author  = {Brunello, Giorgio and Michaud, Pierre-Carl and Sanz-de-Galdeano, Anna},
  title   = {The rise of obesity in Europe: An economic perspective},
  journal = {Economic Policy},
  year    = {2009},
  volume  = {24},
  number  = {59},
  pages   = {551-596},
  issn    = {0266-4658},
  type    = {Journal Article},
}

@Article{Buchmueller2015Obesityhealthexpenditures,
  author  = {Buchmueller, Thomas C and Johar, Meliyanni},
  title   = {Obesity and health expenditures: Evidence from Australia},
  journal = {Economics and Human Biology},
  year    = {2015},
  volume  = {17},
  pages   = {42-58},
  issn    = {1570-677X},
  type    = {Journal Article},
}

@Article{Burkhauser2008BMIvaluemore,
  author  = {Burkhauser, Richard V and Cawley, John},
  title   = {Beyond BMI: The value of more accurate measures of fatness and obesity in social science research},
  journal = {Journal of Health Economics},
  year    = {2008},
  volume  = {27},
  number  = {2},
  pages   = {519-529},
  issn    = {0167-6296},
  type    = {Journal Article},
}

@Article{Caballero2007globalepidemicobesity,
  author  = {Caballero, Benjamin},
  title   = {The global epidemic of obesity: An overview},
  journal = {Epidemiologic reviews},
  year    = {2007},
  volume  = {29},
  number  = {1},
  pages   = {1-5},
  issn    = {0193-936X},
  type    = {Journal Article},
}

@Article{Cairns2013Systematicreviewsevidence,
  author  = {Cairns, Georgina and Angus, Kathryn and Hastings, Gerard and Caraher, Martin},
  title   = {Systematic reviews of the evidence on the nature, extent and effects of food marketing to children. A retrospective summary},
  journal = {Appetite},
  year    = {2013},
  volume  = {62},
  pages   = {209-215},
  issn    = {0195-6663},
  type    = {Journal Article},
}

@Article{Caliendo2013FatchanceObesity,
  author  = {Caliendo, Marco and Lee, Wang-Sheng},
  title   = {Fat chance! Obesity and the transition from unemployment to employment},
  journal = {Economics and Human Biology},
  year    = {2013},
  volume  = {11},
  number  = {2},
  pages   = {121-133},
  issn    = {1570-677X},
  type    = {Journal Article},
}

@Article{Campbell2001Familyfoodenvironments,
  author  = {Campbell, K. and Crawford, D.},
  title   = {Family food environments as determinants of preschool aged children's eating behaviours: implication for obesity prevention policy},
  journal = {Australian Journal of Nutrition and Dietetics},
  year    = {2001},
  volume  = {58},
  type    = {Journal Article},
}

@Article{Campbell2007Strategieswhichaim,
  author  = {Campbell, K. J. and Hesketh, K. D.},
  title   = {Strategies which aim to positively impact on weight, physical activity, diet and sedentary behaviours in children from zero to five years. A systematic review of the literature},
  journal = {Obesity Review},
  year    = {2007},
  volume  = {8},
  doi     = {10.1111/j.1467-789X.2006.00305.x},
  type    = {Journal Article},
  url     = {http://dx.doi.org/10.1111/j.1467-789X.2006.00305.x},
}

@Article{Campbell2004CONSORTstatementextension,
  author  = {Campbell, M. K. and Elbourne, D. R. and Altman, D. G.},
  title   = {CONSORT statement: extension to cluster randomised trials},
  journal = {British Medical Journal},
  year    = {2004},
  volume  = {328},
  doi     = {10.1136/bmj.328.7441.702},
  type    = {Journal Article},
  url     = {http://dx.doi.org/10.1136/bmj.328.7441.702},
}

@Misc{Australia2014Rethinktaxdiscussion,
  author = {{Cancer Council Australia}},
  title  = {Re:think tax discussion paper - Submission from Cancer Council Australia},
  year   = {2014},
  type   = {Generic},
  url    = {http://www.cancer.org.au/content/pdf/CancerControlPolicy/Submissions/Rethink%20tax%20discussion%20paper%20-%20submission%20from%20Cancer%20Council%20Australia.pdf},
}

@Misc{CancerCouncil2015Artificialsweetenersdo,
  author = {{Cancer Council New South Wales}},
  title  = {Artificial sweeteners do not increase cancer risk},
  year   = {2015},
  type   = {Web Page},
  url    = {http://www.cancercouncil.com.au/86047/cancer-information/general-information-cancer-information/cancer-questions-myths/food-and-drink/artificial-sweeteners-do-not-increase-cancer-risk/},
}

@Misc{Canegrowers2015Statisticsfacts,
  author = {Canegrowers},
  title  = {Statistics facts \& figures},
  year   = {2015},
  type   = {Web Page},
  url    = {http://www.canegrowers.com.au/page/Industry_Centre/About_Us/statistics-facts-figures/},
}

@Article{Capacci2012Policiespromotehealthy,
  author  = {Capacci, Sara and Mazzocchi, Mario and Shankar, Bhavani and Macias, Jos{\'e} Brambila and Verbeke, Wim and P{\'e}rez-Cueto, Federico JA and Kozio{\l}-Kozakowska, Agnieszka and Pi{\'o}recka, Beata and Niedzwiedzka, Barbara and D'Addesa, Dina},
  title   = {Policies to promote healthy eating in Europe: A structured review of policies and their effectiveness},
  journal = {Nutrition Reviews},
  year    = {2012},
  volume  = {70},
  number  = {3},
  pages   = {188-200},
  issn    = {0029-6643},
  type    = {Journal Article},
}

@Article{Cash2007Taxingfoodimprove,
  author  = {Cash, Sean and Lacanilao, Ryan D},
  title   = {Taxing food to improve health: economic evidence and arguments},
  journal = {Agricultural and Resource Economics Review},
  year    = {2007},
  volume  = {36},
  number  = {2},
  pages   = {174},
  issn    = {1068-2805},
  type    = {Journal Article},
}

@Article{Cavadini2000USadolescentfood,
  author  = {Cavadini, Claude and Siega-Riz, Anna Maria and Popkin, Barry M},
  title   = {US adolescent food intake trends from 1965 to 1996},
  journal = {Archives of Disease in Childhood},
  year    = {2000},
  volume  = {83},
  number  = {1},
  pages   = {18-24},
  issn    = {1468-2044},
  type    = {Journal Article},
}

@Article{Cawley2004impactobesitywages,
  author  = {Cawley, John},
  title   = {The impact of obesity on wages},
  journal = {Journal of Human Resources},
  year    = {2004},
  volume  = {39},
  number  = {2},
  pages   = {451-474},
  issn    = {0022-166X},
  type    = {Journal Article},
}

@Article{Cawley2015economyscalesselective,
  author  = {Cawley, John},
  title   = {An economy of scales: A selective review of obesity's economic causes, consequences, and solutions},
  journal = {Journal of Health Economics},
  year    = {2015},
  volume  = {43},
  pages   = {244-268},
  issn    = {0167-6296},
  type    = {Journal Article},
}

@TechReport{Cawley2015IncidenceTaxesSugar,
  author      = {Cawley, John and Frisvold, David},
  title       = {The Incidence of Taxes on Sugar-Sweetened Beverages: The Case of Berkeley, California},
  institution = {National Bureau of Economic Research},
  year        = {2015},
  type        = {Report},
}

@Article{Cawley2005comparisonrelationshipobesity,
  author  = {Cawley, John and Grabka, Markus M and Lillard, Dean R},
  title   = {A comparison of the relationship between obesity and earnings in the US and Germany},
  journal = {Schmollers Jahrbuch},
  year    = {2005},
  volume  = {125},
  number  = {1},
  pages   = {119-129},
  type    = {Journal Article},
}

@Article{Cawley2015Reportingerrorweight,
  author  = {Cawley, John and Maclean, Johanna Catherine and Hammer, Mette and Wintfeld, Neil},
  title   = {Reporting error in weight and its implications for bias in economic models},
  journal = {Economics and Human Biology},
  year    = {2015},
  volume  = {19},
  pages   = {27-44},
  issn    = {1570-677X},
  type    = {Journal Article},
}

@Article{Cawley2012medicalcarecosts,
  author  = {Cawley, John and Meyerhoefer, Chad},
  title   = {The medical care costs of obesity: An instrumental variables approach},
  journal = {Journal of Health Economics},
  year    = {2012},
  volume  = {31},
  number  = {1},
  pages   = {219-230},
  issn    = {0167-6296},
  type    = {Journal Article},
}

@Article{Chaloupka2011Sugarsweetenedbeveragesobesity,
  author  = {Chaloupka, Frank J and Powell, Lisa M and Chriqui, Jamie F},
  title   = {Sugar-sweetened beverages and obesity: The potential impact of public policies},
  journal = {Journal of Policy Analysis and Management},
  year    = {2011},
  volume  = {30},
  number  = {3},
  pages   = {645-655},
  issn    = {1520-6688},
  type    = {Journal Article},
}

@Article{Chaloupka2012Tobaccotaxesas,
  author  = {Chaloupka, Frank J and Yurekli, Ayda and Fong, Geoffrey T},
  title   = {Tobacco taxes as a tobacco control strategy},
  journal = {Tobacco Control},
  year    = {2012},
  volume  = {21},
  number  = {2},
  pages   = {172-180},
  issn    = {1468-3318},
  type    = {Journal Article},
}

@TechReport{Solutions2016BestPracticesDesigning,
  author = {{ChangeLab Solutions \& Healthy Food America}},
  title  = {Best Practices in Designing Local Taxes on Sugary Drinks},
  year   = {2016},
  type   = {Report},
  url    = {https://d3n8a8pro7vhmx.cloudfront.net/heatlhyfoodamerica/pages/32/attachments/original/1463177744/Tax_design_guide_FINAL03-04-16.pdf?1463177744},
}

@Article{Chaufan2009TaxingSinFoodsObesity,
  author  = {Chaufan, Claudia and Hong, Gee Hee and Fox, Patrick},
  title   = {Taxing ``Sin Foods'' - Obesity Prevention and Public Health Policy},
  journal = {New England Journal of Medicine},
  year    = {2009},
  volume  = {361},
  number  = {24},
  pages   = {e113},
  issn    = {0028-4793},
  type    = {Journal Article},
}

@Article{Chen2009Reductionconsumptionsugar,
  author  = {Chen, Liwei and Appel, Lawrence J and Loria, Catherine and Lin, Pao-Hwa and Champagne, Catherine M and Elmer, Patricia J and Ard, Jamy D and Mitchell, Diane and Batch, Bryan C and Svetkey, Laura P},
  title   = {Reduction in consumption of sugar-sweetened beverages is associated with weight loss: The PREMIER trial},
  journal = {The American Journal of Clinical Nutrition},
  year    = {2009},
  volume  = {89},
  number  = {5},
  pages   = {1299-1306},
  issn    = {0002-9165},
  type    = {Journal Article},
}

@Article{Chen2008Issleepduration,
  author  = {Chen, X. and Beydoun, M. A. and Wang, Y.},
  title   = {Is sleep duration associated with childhood obesity? A systematic review and meta-analysis},
  journal = {Obesity},
  year    = {2008},
  volume  = {16},
  doi     = {10.1038/oby.2007.63},
  type    = {Journal Article},
  url     = {http://dx.doi.org/10.1038/oby.2007.63},
}

@TechReport{Chou2005Fastfoodrestaurant,
  author      = {Chou, Shin-Yi and Rashad, Inas and Grossman, Michael},
  title       = {Fast-food restaurant advertising on television and its influence on childhood obesity},
  institution = {National Bureau of Economic Research},
  year        = {2005},
  type        = {Report},
}

@Article{Clements2015PriceElasticitiesFood,
  author  = {Clements, Kenneth W and Si, Jiawei},
  title   = {Price Elasticities of Food Demand: Compensated vs Uncompensated},
  journal = {Health Economics},
  volume  = {25},
  number  = {11},
  year    = {2015},
  issn    = {1099-1050},
  type    = {Journal Article},
  pages   = {1403–1408},
}

@Misc{Clemons2015Howusehealth,
  author    = {Clemons, Rachel},
  title     = {How to use health star ratings},
  year      = {2015},
  publisher = {Choice},
  type      = {Web Page},
  url       = {https://www.choice.com.au/food-and-drink/nutrition/food-labelling/articles/health-star-ratings},
}

@InProceedings{CnossenExcisetaxationAustralia,
  author    = {Cnossen, Sijbren},
  title     = {Excise taxation in Australia},
  year      = {2010},
  booktitle = {Melbourne Institute - Australia's future tax and transfer policy conference},
  type      = {Conference Proceedings},
}

@Article{Colagiuri2010costoverweightobesity,
  author  = {Colagiuri, Stephen and Lee, CM and Colagiuri, Ruth and Magliano, Dianna and Shaw, Jonathan E and Zimmet, Paul Z and Caterson, Ian D},
  title   = {The cost of overweight and obesity in Australia},
  journal = {Medical Journal of Australia},
  year    = {2010},
  volume  = {192},
  number  = {5},
  pages   = {260-4},
  type    = {Journal Article},
}

@Article{Colchero2016Beveragepurchasesstores,
  author  = {Colchero, M Arantxa and Popkin, Barry M and Rivera, Juan A and Ng, Shu Wen},
  title   = {Beverage purchases from stores in Mexico under the excise tax on sugar sweetened beverages: observational study},
  journal = {British Medical Journal},
  year    = {2016},
  volume  = {352},
  pages   = {h6704},
  issn    = {1756-1833},
  type    = {Journal Article},
}

@Book{Cook2001Comparabledatafood,
  title     = {Comparable data on food and nutrient intake and physical measurements from the 1983, 1985 and 1995 national nutrition surveys},
  publisher = {{Department of Health and Aged Care (Cth)}},
  year      = {2001},
  author    = {Cook, Tricia and Rutishauser, Ingrid HE and Seelig, Monica},
  isbn      = {064282052X},
  type      = {Book},
  url       = {https://foodhealthdialogue.gov.au/internet/main/publishing.nsf/Content/083C3480A7023EF1CA257BF0001E033E/$File/nutrient.pdf},
}

@Article{Cooke2004Demographicfamilialtrait,
  author  = {Cooke, L. J. and Wardle, J. and Gibson, E. L. and Sapochnik, M. and Sheiham, A. and Lawson, M.},
  title   = {Demographic, familial and trait predictors of fruit and vegetable consumption by pre-school children},
  journal = {Public Health Nutrition},
  year    = {2004},
  volume  = {7},
  doi     = {10.1079/phn2003527},
  type    = {Journal Article},
  url     = {http://dx.doi.org/10.1079/PHN2003527},
}

@Article{Cornelsen2015Healthrelatedtaxes,
  author  = {Cornelsen, Laura and Carreido, Angela},
  title   = {Health related taxes on foods and beverages},
  journal = {London: Food Research Collaboration},
  year    = {2015},
  type    = {Journal Article},
}

@TechReport{Observatory2016spoonfulsugarHow,
  author = {{Corporate Europe Observatory}},
  title  = {A spoonful of sugar: How the food lobby fights sugar regulation in the EU},
  year   = {2016},
  type   = {Report},
  url    = {https://corporateeurope.org/sites/default/files/a_spoonful_of_sugar_final.pdf},
}

@Article{Courtemanche2015Impatienceincentivesobesity,
  author  = {Courtemanche, Charles and Heutel, Garth and McAlvanah, Patrick},
  title   = {Impatience, incentives and obesity},
  journal = {The Economic Journal},
  year    = {2015},
  volume  = {125},
  number  = {582},
  pages   = {1-31},
  issn    = {1468-0297},
  type    = {Journal Article},
}

@Article{Cowburn2005Consumerunderstandinguse,
  author  = {Cowburn, Gill and Stockley, Lynn},
  title   = {Consumer understanding and use of nutrition labelling: A systematic review},
  journal = {Public Health Nutrition},
  year    = {2005},
  volume  = {8},
  number  = {01},
  pages   = {21-28},
  issn    = {1475-2727},
  type    = {Journal Article},
}

@Article{Craig2003Internationalphysicalactivity,
  author  = {Craig, C. L. and Marshall, A. L. and Sjostrom, M. and Bauman, A. E. and Booth, M. L. and Ainsworth, B. E. and Pratt, M. and Ekelund, U. and Yngve, A. and Sallis, J. F.},
  title   = {International physical activity questionnaire: 12-country reliability and validity},
  journal = {Medicine and Science in Sports and Exercise},
  year    = {2003},
  volume  = {35},
  doi     = {10.1249/01.mss.0000078924.61453.fb},
  type    = {Journal Article},
  url     = {http://dx.doi.org/10.1249/01.MSS.0000078924.61453.FB},
}

@Article{Cutler2003WhyhaveAmericans,
  author  = {Cutler, David M and Glaeser, Edward L and Shapiro, Jesse M},
  title   = {Why have Americans become more obese?},
  journal = {The Journal of Economic Perspectives},
  year    = {2003},
  volume  = {17},
  number  = {3},
  pages   = {93-118},
  issn    = {0895-3309},
  type    = {Journal Article},
}

@TechReport{HectorSoftDrinksWeight,
  author      = {D, Hector and A, Rangan and J, Louie and V, Flood and T, Gill},
  title       = {Soft Drinks, Weight Status and Health: A Review},
  institution = {NSW Centre for Public Health Nutrition, for NSW Health},
  type        = {Report},
  url         = {http://www.health.nsw.gov.au/heal/Publications/soft-drinks-report.pdf},
}

@Book{Daley2015Propertytaxes,
  title     = {Property taxes},
  publisher = {Grattan Institute},
  year      = {2015},
  author    = {Daley, John and Coates, Brendan},
  isbn      = {192501570X},
  type      = {Book},
  url       = {http://grattan.edu.au/wp-content/uploads/2015/07/826-Property-Taxes.pdf},
}

@Article{Dave2009Healthinsuranceex,
  author  = {Dave, Dhaval and Kaestner, Robert},
  title   = {Health insurance and ex ante moral hazard: evidence from Medicare},
  journal = {International Journal of Health Care Finance and Economics},
  year    = {2009},
  volume  = {9},
  number  = {4},
  pages   = {367-390},
  issn    = {1389-6563},
  type    = {Journal Article},
}

@Article{Ruyter2012trialsugarfree,
  author  = {de Ruyter, Janne C and Olthof, Margreet R and Seidell, Jacob C and Katan, Martijn B},
  title   = {A trial of sugar-free or sugar-sweetened beverages and body weight in children},
  journal = {New England Journal of Medicine},
  year    = {2012},
  volume  = {367},
  number  = {15},
  pages   = {1397-1406},
  issn    = {0028-4793},
  type    = {Journal Article},
}

@Article{DeCicca2013Whopayscigarette,
  author  = {DeCicca, Philip and Kenkel, Donald and Liu, Feng},
  title   = {Who pays cigarette taxes? The impact of consumer price search},
  journal = {Review of Economics and Statistics},
  year    = {2013},
  volume  = {95},
  number  = {2},
  pages   = {516-529},
  issn    = {0034-6535},
  type    = {Journal Article},
}

@Article{Delipalla1992comparisonadvalorem,
  author  = {Delipalla, Sofia and Keen, Michael},
  title   = {The comparison between ad valorem and specific taxation under imperfect competition},
  journal = {Journal of Public Economics},
  year    = {1992},
  volume  = {49},
  number  = {3},
  pages   = {351-367},
  issn    = {0047-2727},
  type    = {Journal Article},
}

@Article{Delipalla2001Estimatingtaxincidence,
  author  = {Delipalla, Sophia and O'Donnell, Owen},
  title   = {Estimating tax incidence, market power and market conduct: The European cigarette industry},
  journal = {International Journal of Industrial Organization},
  year    = {2001},
  volume  = {19},
  number  = {6},
  pages   = {885-908},
  issn    = {0167-7187},
  type    = {Journal Article},
}

@Misc{Agriculture2015Sugar,
  author = {{Department of Agriculture and Water Resources (Cth)}},
  title  = {Sugar},
  year   = {2015},
  type   = {Web Page},
  url    = {http://www.agriculture.gov.au/ag-farm-food/crops/sugar},
}

@Misc{HealthCth2009OverweightObesity,
  author = {{Department of Health (Cth)}},
  title  = {About Overweight and Obesity},
  year   = {2009},
  type   = {Web Page},
  url    = {http://www.health.gov.au/internet/main/publishing.nsf/Content/health-pubhlth-strateg-hlthwt-obesity.htm},
}

@Misc{HealthCth2014FactSheetHow,
  author = {{Department of Health (Cth)}},
  title  = {Fact Sheet - How much sugar is in what we drink?},
  year   = {2014},
  type   = {Web Page},
  url    = {http://www.health.gov.au/internet/publications/publishing.nsf/Content/sugar-drinks-toc~sugar-drinks-3-fact-sheets~sugar-drinks-factsheet-3-3-sugar-what-drink},
}

@Misc{SocialServices2014FrequentlyAskedQuestions,
  author = {{Department of Social Services (Cth)}},
  title  = {Frequently Asked Questions - Revised Impairment Tables for Disability Support Pension (DSP)},
  year   = {2014},
  type   = {Web Page},
  url    = {https://www.dss.gov.au/our-responsibilities/disability-and-carers/benefits-payments/disability-support-pension-dsp-better-and-fairer-assessments/review-of-the-tables-for-the-assessment-of-work-related-impairment-for-disability-support-pension/frequently-asked-questions-revised},
}

@Book{LeBodo2016CanadianSodaTax,
  author = {LeBodo, Y and Paquette, M-C and De Wals, P},
  title  = {Taxing Soda for Public Health: A Canadian Perspective}, 
  year   = {2016},
  publisher = {Springer},}

@Article{Despres2012Bodyfatdistribution,
  author  = {Despr{\'e}s, Jean-Pierre},
  title   = {Body fat distribution and risk of cardiovascular disease an update},
  journal = {Circulation},
  year    = {2012},
  volume  = {126},
  number  = {10},
  pages   = {1301-1313},
  issn    = {0009-7322},
  type    = {Journal Article},
}

@Article{Dhingra2007Softdrinkconsumption,
  author  = {Dhingra, Ravi and Sullivan, Lisa and Jacques, Paul F and Wang, Thomas J and Fox, Caroline S and Meigs, James B and D'Agostino, Ralph B and Gaziano, J Michael and Vasan, Ramachandran S},
  title   = {Soft drink consumption and risk of developing cardiometabolic risk factors and the metabolic syndrome in middle-aged adults in the community},
  journal = {Circulation},
  year    = {2007},
  volume  = {116},
  number  = {5},
  pages   = {480-488},
  issn    = {0009-7322},
  type    = {Journal Article},
}

@Article{Downs2009Strategiespromotinghealthier,
  author  = {Downs, Julie S and Loewenstein, George and Wisdom, Jessica},
  title   = {Strategies for promoting healthier food choices},
  journal = {The American Economic Review},
  year    = {2009},
  volume  = {99},
  number  = {2},
  pages   = {159-164},
  issn    = {0002-8282},
  type    = {Journal Article},
}

@Article{Drewnowski2005economicsobesitydietary,
  author  = {Drewnowski, Adam and Darmon, Nicole},
  title   = {The economics of obesity: dietary energy density and energy cost},
  journal = {The American Journal of Clinical Nutrition},
  year    = {2005},
  volume  = {82},
  number  = {1},
  pages   = {265S-273S},
  issn    = {0002-9165},
  type    = {Journal Article},
}

@Article{Drewnowski1997nutritiontransitionnew,
  author  = {Drewnowski, Adam and Popkin, Barry M},
  title   = {The nutrition transition: new trends in the global diet},
  journal = {Nutrition Reviews},
  year    = {1997},
  volume  = {55},
  number  = {2},
  pages   = {31-43},
  issn    = {0029-6643},
  type    = {Journal Article},
}

@Article{Dube2004Multiplediscretenessproduct,
  author  = {Dub{\'e}, Jean-Pierre},
  title   = {Multiple discreteness and product differentiation: Demand for carbonated soft drinks},
  journal = {Marketing Science},
  year    = {2004},
  volume  = {23},
  number  = {1},
  pages   = {66-81},
  issn    = {0732-2399},
  type    = {Journal Article},
}

@Article{Ebbeling2002Childhoodobesitypublic,
  author  = {Ebbeling, Cara B and Pawlak, Dorota B and Ludwig, David S},
  title   = {Childhood obesity: public-health crisis, common sense cure},
  journal = {The Lancet},
  year    = {2002},
  volume  = {360},
  number  = {9331},
  pages   = {473-482},
  issn    = {0140-6736},
  type    = {Journal Article},
}

@Article{Ekelund2006Upwardweightpercentile,
  author  = {Ekelund, U. and Ong, K. and Linne, Y. and Neovius, M. and Brage, S. and Dunger, D. B. and Wareham, N. J. and Rossner, S.},
  title   = {Upward weight percentile crossing in infancy and early childhood independently predicts fat mass in young adults: The Stockholm Weight Development Study (SWEDES)},
  journal = {American Journal of Clinical Nutrition},
  year    = {2006},
  volume  = {83},
  type    = {Journal Article},
}

@Misc{Elliott2016TomElliottsays,
  author = {Elliott, Tom},
  title  = {Tom Elliott says proposed tax on sugary soft drinks is a 'nanny state' idea},
  month  = {22 June 2016},
  year   = {2016},
  type   = {Web Page},
  url    = {http://www.3aw.com.au/news/tom-elliott-says-proposed-tax-on-sugary-soft-drinks-is-a-nanny-state-idea-20160622-gpphdz.html},
}

@Article{Escobar2013Evidencethattax,
  author  = {Escobar, Maria A Cabrera and Veerman, J Lennert and Tollman, Stephen M and Bertram, Melanie Y and Hofman, Karen J},
  title   = {Evidence that a tax on sugar sweetened beverages reduces the obesity rate: A meta-analysis},
  journal = {BioMed Central Public Health},
  year    = {2013},
  volume  = {13},
  number  = {1},
  pages   = {1},
  issn    = {1471-2458},
  type    = {Journal Article},
}

@Article{Etile2015DoHighConsumers,
  author  = {Etil{\'e}, Fabrice and Sharma, Anurag},
  title   = {Do High Consumers of Sugar-Sweetened Beverages Respond Differently to Price Changes? A Finite Mixture IV-Tobit Approach},
  journal = {Health Economics},
  year    = {2015},
  volume  = {24},
  number  = {9},
  pages   = {1147-1163},
  issn    = {1099-1050},
  type    = {Journal Article},
}

@TechReport{Commission2014Foodtaxestheir,
  author = {Euro Commission},
  title  = {Food taxes and their impact on competitiveness in the agri-food sector - Final report},
  year   = {2014},
  type   = {Report},
}

@Article{Ewart-Pierce2016WholeCommunityObesity,
  author  = {Ewart-Pierce, Ella and Ruiz, Mar{\'i}a Jos{\'e} Mej{\'i}a and Gittelsohn, Joel},
  title   = {``Whole-of-Community'' Obesity Prevention: A Review of Challenges and Opportunities in Multilevel, Multicomponent Interventions},
  journal = {Current Obesity Reports},
  year    = {2016},
  volume  = {5},
  number  = {3},
  pages   = {361-374},
  issn    = {2162-4968},
  type    = {Journal Article},
}

@Article{Eyles2012Foodpricingstrategies,
  author  = {Eyles, Helen and Mhurchu, Cliona Ni and Nghiem, Nhung and Blakely, Tony},
  title   = {Food pricing strategies, population diets, and non-communicable disease: A systematic review of simulation studies},
  journal = {PLoS Med},
  year    = {2012},
  volume  = {9},
  number  = {12},
  pages   = {e1001353},
  issn    = {1549-1676},
  type    = {Journal Article},
}

@Article{Falbe2015Higherretailprices,
  author  = {Falbe, Jennifer and Rojas, Nadia and Grummon, Anna H and Madsen, Kristine A},
  title   = {Higher retail prices of sugar-sweetened beverages 3 months after implementation of an excise tax in Berkeley, California},
  journal = {American Journal of Public Health},
  year    = {2015},
  volume  = {105},
  number  = {11},
  pages   = {2194-2201},
  issn    = {1541-0048},
  type    = {Journal Article},
}

@Article{Falbe2016ImpactBerkeleyExcise,
  author  = {Falbe, Jennifer and Thompson, Hannah R and Becker, Christina M and Rojas, Nadia and McCulloch, Charles E and Madsen, Kristine A},
  title   = {Impact of the Berkeley Excise Tax on Sugar-Sweetened Beverage Consumption},
  journal = {American Journal of Public Health},
  year    = {2016},
  number  = {0},
  pages   = {1865-71},
  issn    = {1541-0048},
  type    = {Journal Article},
}

@Article{Faulkner2011Economicinstrumentsobesity,
  author  = {Faulkner, Guy EJ and Grootendorst, Paul and Nguyen, Van Hai and Andreyeva, Tatiana and Arbour-Nicitopoulos, Kelly and Auld, M Christopher and Cash, Sean B and Cawley, John and Donnelly, Peter and Drewnowski, Adam},
  title   = {Economic instruments for obesity prevention: results of a scoping review and modified Delphi survey},
  journal = {International Journal of Behavioral Nutrition and Physical Activity},
  year    = {2011},
  volume  = {8},
  number  = {1},
  pages   = {1},
  issn    = {1479-5868},
  type    = {Journal Article},
}

@Article{Fernandez2004Waistcircumferencepercentiles,
  author  = {Fernandez, J. R. and Redden, D. T. and Pietrobelli, A. and Allison, D. B.},
  title   = {Waist circumference percentiles in nationally representative samples of African-American, European-American, and Mexican-American children and adolescents},
  journal = {Journal of Paediatrics},
  year    = {2004},
  volume  = {145},
  doi     = {10.1016/j.jpeds.2004.06.044},
  type    = {Journal Article},
  url     = {http://dx.doi.org/10.1016/j.jpeds.2004.06.044},
}

@Article{Finkelstein2010EconomicsObesity,
  author  = {Finkelstein, Eric A and Strombotne, Kiersten L},
  title   = {The Economics of Obesity},
  journal = {The American Journal of Clinical Nutrition},
  year    = {2010},
  volume  = {91},
  number  = {5},
  pages   = {1520S-1524S},
  issn    = {0002-9165},
  type    = {Journal Article},
}

@Article{Finkelstein2013Implicationssugarsweetened,
  author  = {Finkelstein, Eric A and Zhen, Chen and Bilger, Marcel and Nonnemaker, James and Farooqui, Assad M and Todd, Jessica E},
  title   = {Implications of a sugar-sweetened beverage (SSB) tax when substitutions to non-beverage items are considered},
  journal = {Journal of Health Economics},
  year    = {2013},
  volume  = {32},
  number  = {1},
  pages   = {219-239},
  issn    = {0167-6296},
  type    = {Journal Article},
}

@Article{Finkelstein2010Impacttargetedbeverage,
  author  = {Finkelstein, Eric A and Zhen, Chen and Nonnemaker, James and Todd, Jessica E},
  title   = {Impact of targeted beverage taxes on higher-and lower-income households},
  journal = {Archives of Internal Medicine},
  year    = {2010},
  volume  = {170},
  number  = {22},
  pages   = {2028-2034},
  issn    = {0003-9926},
  type    = {Journal Article},
}

@Article{Finn2000ComparisonActiwatchactivity,
  author  = {Finn, K. J. and Specker, B.},
  title   = {Comparison of Actiwatch activity monitor and Children's Activity Rating Scale in children},
  journal = {Medicine and Science in Sports and Exercise},
  year    = {2000},
  volume  = {32},
  doi     = {10.1097/00005768-200010000-00021},
  type    = {Journal Article},
  url     = {http://dx.doi.org/10.1097/00005768-200010000-00021},
}

@Article{Finucane2011Nationalregionalglobal,
  author  = {Finucane, Mariel M and Stevens, Gretchen A and Cowan, Melanie J and Danaei, Goodarz and Lin, John K and Paciorek, Christopher J and Singh, Gitanjali M and Gutierrez, Hialy R and Lu, Yuan and Bahalim, Adil N},
  title   = {National, regional, and global trends in body-mass index since 1980: systematic analysis of health examination surveys and epidemiological studies with 960 country-years and 9.1 million participants},
  journal = {The Lancet},
  year    = {2011},
  volume  = {377},
  number  = {9765},
  pages   = {557-567},
  issn    = {0140-6736},
  type    = {Journal Article},
}

@Article{Flegal2013Associationallcause,
  author  = {Flegal, Katherine M and Kit, Brian K and Orpana, Heather and Graubard, Barry I},
  title   = {Association of all-cause mortality with overweight and obesity using standard body mass index categories: A systematic review and meta-analysis},
  journal = {Journal of the American Medical Association},
  year    = {2013},
  volume  = {309},
  number  = {1},
  pages   = {71-82},
  issn    = {0098-7484},
  type    = {Journal Article},
}

@Article{Fletcher2010Cansoftdrink,
  author  = {Fletcher, Jason M and Frisvold, David and Tefft, Nathan},
  title   = {Can soft drink taxes reduce population weight?},
  journal = {Contemporary Economic Policy},
  year    = {2010},
  volume  = {28},
  number  = {1},
  pages   = {23-35},
  issn    = {1465-7287},
  type    = {Journal Article},
}

@Article{Fletcher2011Aresoftdrink,
  author  = {Fletcher, Jason M and Frisvold, David E and Tefft, Nathan},
  title   = {Are soft drink taxes an effective mechanism for reducing obesity?},
  journal = {Journal of Policy Analysis and Management},
  year    = {2011},
  volume  = {30},
  number  = {3},
  pages   = {655-662},
  issn    = {1520-6688},
  type    = {Journal Article},
}

@Article{Fortuna2012obesityepidemicfood,
  author  = {Fortuna, Jeffrey L},
  title   = {The obesity epidemic and food addiction: clinical similarities to drug dependence},
  journal = {Journal of Psychoactive Drugs},
  year    = {2012},
  volume  = {44},
  number  = {1},
  pages   = {56-63},
  issn    = {0279-1072},
  type    = {Journal Article},
}

@Article{Fowler2008Fuelingobesityepidemic,
  author  = {Fowler, Sharon P and Williams, Ken and Resendez, Roy G and Hunt, Kelly J and Hazuda, Helen P and Stern, Michael P},
  title   = {Fueling the obesity epidemic? Artificially sweetened beverage use and long-term weight gain},
  journal = {Obesity},
  year    = {2008},
  volume  = {16},
  number  = {8},
  pages   = {1894-1900},
  issn    = {1930-739X},
  type    = {Journal Article},
}

@Article{Fox2006Sourcesenergynutrients,
  author  = {Fox, M. K. and Reidy, K. and Novak, T. and Ziegler, P.},
  title   = {Sources of energy and nutrients in the diets of infants and toddlers},
  journal = {Journal of the American Diet Association},
  year    = {2006},
  volume  = {106},
  type    = {Journal Article},
}

@Article{Frayling2007commonvariantFTO,
  author  = {Frayling, Timothy M and Timpson, Nicholas J and Weedon, Michael N and Zeggini, Eleftheria and Freathy, Rachel M and Lindgren, Cecilia M and Perry, John RB and Elliott, Katherine S and Lango, Hana and Rayner, Nigel W},
  title   = {A common variant in the FTO gene is associated with body mass index and predisposes to childhood and adult obesity},
  journal = {Science},
  year    = {2007},
  volume  = {316},
  number  = {5826},
  pages   = {889-894},
  issn    = {0036-8075},
  type    = {Journal Article},
}

@Article{Freebairn2010Taxationobesity,
  author  = {Freebairn, John},
  title   = {Taxation and obesity?},
  journal = {Australian Economic Review},
  year    = {2010},
  volume  = {43},
  number  = {1},
  pages   = {54-62},
  issn    = {1467-8462},
  type    = {Journal Article},
}

@Article{French2001Environmentalinfluenceseating,
  author  = {French, Simone A and Story, Mary and Jeffery, Robert W},
  title   = {Environmental influences on eating and physical activity},
  journal = {Annual Review of Public Health},
  year    = {2001},
  volume  = {22},
  number  = {1},
  pages   = {309-335},
  issn    = {0163-7525},
  type    = {Journal Article},
}

@Article{Friedman2012Sugarsweetenedbeverage,
  author  = {Friedman, R and Brownell, K},
  title   = {Sugar-sweetened beverage taxes: An updated policy brief},
  journal = {Yale Rudd Center for Food Policy and Obesity},
  year    = {2012},
  type    = {Journal Article},
}

@Article{Gearhardt2009PreliminaryvalidationYale,
  author  = {Gearhardt, Ashley N and Corbin, William R and Brownell, Kelly D},
  title   = {Preliminary validation of the Yale food addiction scale},
  journal = {Appetite},
  year    = {2009},
  volume  = {52},
  number  = {2},
  pages   = {430-436},
  issn    = {0195-6663},
  type    = {Journal Article},
}

@Misc{Gill2011Foodindustrydigs,
  author    = {Gill, Timothy},
  title     = {Food industry digs in heels over traffic light labels},
  month     = {30 March 2011},
  year      = {2011},
  publisher = {The Conversation},
  type      = {Web Page},
  url       = {https://theconversation.com/food-industry-digs-in-heels-over-traffic-light-labels-311},
}

@Article{Gill2006weightevidencesuggests,
  author  = {Gill, Timothy and Rangan, Anna and Webb, Karen},
  title   = {The weight of evidence suggests that soft drinks are a major issue in childhood and adolescent obesity},
  journal = {The Medical Journal of Australia},
  year    = {2006},
  volume  = {184},
  number  = {6},
  pages   = {263-264},
  issn    = {0025-729X},
  type    = {Journal Article},
}

@Article{Collaboration2016Bodymassindex,
  author  = {{Global BMI Mortality Collaboration}},
  title   = {Body-mass index and all-cause mortality: individual-participant-data meta-analysis of 239 prospective studies in four continents},
  journal = {The Lancet},
  year    = {2016},
  issn    = {0140-6736},
  type    = {Journal Article},
}

@Article{Green2012Alteredprocessingsweet,
  author  = {Green, Erin and Murphy, Claire},
  title   = {Altered processing of sweet taste in the brain of diet soda drinkers},
  journal = {Physiology and Behavior},
  year    = {2012},
  volume  = {107},
  number  = {4},
  pages   = {560-567},
  issn    = {0031-9384},
  type    = {Journal Article},
}

@Article{Greenwald1986Externalitieseconomiesimperfect,
  author  = {Greenwald, Bruce C and Stiglitz, Joseph E},
  title   = {Externalities in economies with imperfect information and incomplete markets},
  journal = {The Quarterly Journal of Economics},
  year    = {1986},
  pages   = {229-264},
  issn    = {0033-5533},
  type    = {Journal Article},
}

@TechReport{Grogger2015Sodataxesprices,
  author      = {Grogger, Jeffrey},
  title       = {Soda taxes and the prices of sodas and other drinks: evidence from Mexico},
  institution = {National Bureau of Economic Research},
  year        = {2015},
  type        = {Report},
  url         = {http://www.nber.org/papers/w21197},
}

@Article{Gruber2004Taxincidencewhen,
  author  = {Gruber, Jonathan and K{\"o}szegi, Botond},
  title   = {Tax incidence when individuals are time-inconsistent: The case of cigarette excise taxes},
  journal = {Journal of Public Economics},
  year    = {2004},
  volume  = {88},
  number  = {9},
  pages   = {1959-1987},
  issn    = {0047-2727},
  type    = {Journal Article},
}

@Article{Gustavsen2011Obesitymoralhazard,
  author  = {Gustavsen, Geir Waehler and Nayga, Rodolfo M and Wu, Ximing},
  title   = {Obesity and moral hazard in demand for visits to physicians},
  journal = {Contemporary Economic Policy},
  year    = {2011},
  volume  = {29},
  number  = {4},
  pages   = {620-633},
  issn    = {1465-7287},
  type    = {Journal Article},
}

@Article{Hadders-Algra2005neuromotorexaminationpreschool,
  author  = {Hadders-Algra, M.},
  title   = {The neuromotor examination of the preschool child and its prognostic significance},
  journal = {Mental Retardation and Developmental Disabilities Research Reviews},
  year    = {2005},
  volume  = {11},
  doi     = {10.1002/mrdd.20069},
  type    = {Journal Article},
  url     = {http://dx.doi.org/10.1002/mrdd.20069},
}

@TechReport{Hardy2010NSWSchoolsPhysical,
  author      = {Hardy, LL and King, L and Espinel, P and Cosgrove, C and Bauman, A},
  title       = {NSW Schools Physical Activity and Nutrition Survey (SPANS): Short Report 2010},
  institution = {NSW Ministry of Health},
  year        = {2010},
  type        = {Report},
  url         = {http://sydney.edu.au/medicine/public-health/prevention-research/pdf/SPANS_ShortReport_2010.pdf},
}

@Misc{PublicHealth2016SugaryDrinks,
  author = {{Harvard School of Public Health}},
  title  = {Sugary Drinks},
  year   = {2016},
  type   = {Web Page},
  url    = {https://www.hsph.harvard.edu/nutritionsource/healthy-drinks/sugary-drinks/},
}

@TechReport{Hawkes2013Promotinghealthydiets,
  author    = {Hawkes, C},
  title     = {Promoting healthy diets through nutrition education and changes in the food environment: An international review of actions and their effectiveness},
  year      = {2013},
  institution = {Food and Agriculture Organisation},
  address   = {Rome},
  number    = {i3235e},
  url       = {http://www.fao.org/docrep/017/i3235e/i3235e.pdf}
}

@Article{Hawkes2015Smartfoodpolicies,
  author  = {Hawkes, Corinna and Smith, Trenton G and Jewell, Jo and Wardle, Jane and Hammond, Ross A and Friel, Sharon and Thow, Anne Marie and Kain, Juliana},
  title   = {Smart food policies for obesity prevention},
  journal = {The Lancet},
  year    = {2015},
  volume  = {385},
  number  = {9985},
  pages   = {2410-2421},
  issn    = {0140-6736},
  type    = {Journal Article},
}

@Article{Hawley2013sciencefrontpackage,
  author  = {Hawley, Kristy L and Roberto, Christina A and Bragg, Marie A and Liu, Peggy J and Schwartz, Marlene B and Brownell, Kelly D},
  title   = {The science on front-of-package food labels},
  journal = {Public Health Nutrition},
  year    = {2013},
  volume  = {16},
  number  = {03},
  pages   = {430-439},
  issn    = {1475-2727},
  type    = {Journal Article},
}

@Misc{System2014HealthStarRatings,
  author    = {{Health Star Rating System}},
  title     = {About Health Star Ratings},
  year      = {2014},
  publisher = {Commonwealth of Australia},
  type      = {Web Page},
  url       = {http://healthstarrating.gov.au/internet/healthstarrating/publishing.nsf/Content/About-health-stars},
}

@TechReport{Hector2009Softdrinksweight,
  author = {Hector, Debra and Rangan, Anna and Gill, Tim and Louie, Jimmy Chun Yu and Flood, Victoria M},
  title  = {Soft drinks, weight status and health: A review},
  year   = {2009},
  type   = {Report},
  institution = {{NSW Centre for Public Health Nutrition}},
}

@Article{Hempel1993Neurologicaldevelopmenttoddling,
  author  = {Hempel, M. S.},
  title   = {Neurological development during toddling age in normal children and children at risk of developmental disorders},
  journal = {Early Hum Development},
  year    = {1993},
  volume  = {34},
  doi     = {10.1016/0378-3782(93)90040-2},
  type    = {Journal Article},
  url     = {http://dx.doi.org/10.1016/0378-3782(93)90040-2},
}

@TechReport{Hendrie2016CSIROHealthyDiet,
  author = {Hendrie, G and Baird, D and Golley, S and Noakes, M},
  title  = {CSIRO Healthy Diet Score},
  year   = {2016},
  type   = {Report},
  url    = {https://www.totalwellbeingdiet.com/media/524038/16-00679_CSIRO-Healthy-Diet-Score-2016_WEB_singlepages.pdf},
}

@Article{Herrera2011Geneticsepigeneticsobesity,
  author  = {Herrera, Blanca M and Keildson, Sarah and Lindgren, Cecilia M},
  title   = {Genetics and Epigenetics of Obesity},
  journal = {Maturitas},
  year    = {2011},
  volume  = {69},
  number  = {1},
  pages   = {41-49},
  issn    = {0378-5122},
  type    = {Journal Article},
}

@Misc{HMTreasurysugarlevy,
  author    = {{HM Treasury}},
  title     = {Soft Drinks Industry Levy: 12 things you should know},
  year      = {2016},
  publisher = {{HM Treasury}},
  type      = {Web Page},
  url       = {https://www.gov.uk/government/news/soft-drinks-industry-levy-12-things-you-should-know},
}

@Article{Holcombe2001Publicpolicypecuniary,
  author  = {Holcombe, Randall G and Sobel, Russell S},
  title   = {Public policy toward pecuniary externalities},
  journal = {Public Finance Review},
  year    = {2001},
  volume  = {29},
  number  = {4},
  pages   = {304-325},
  issn    = {1091-1421},
  type    = {Journal Article},
}

@Article{Horwich2001relationshipobesitymortality,
  author  = {Horwich, Tamara B and Fonarow, Gregg C and Hamilton, Michele A and MacLellan, W Robb and Woo, Mary A and Tillisch, Jan H},
  title   = {The relationship between obesity and mortality in patients with heart failure},
  journal = {Journal of the American College of Cardiology},
  year    = {2001},
  volume  = {38},
  number  = {3},
  pages   = {789-795},
  issn    = {0735-1097},
  type    = {Journal Article},
}

@TechReport{RepresentativesStandingCommitteeonHealth2009Weighingitup,
  author      = {{House of Representatives Standing Committee on Health and Ageing}},
  title       = {Weighing it up: Obesity in Australia},
  institution = {Commonwealth of Australia},
  year        = {2009},
  type        = {Report},
}

@Article{Hu2013Resolvedthereis,
  author  = {Hu, Frank B},
  title   = {Resolved: There is sufficient scientific evidence that decreasing sugar-sweetened beverage consumption will reduce the prevalence of obesity and obesity-related diseases},
  journal = {Obesity Reviews},
  year    = {2013},
  volume  = {14},
  number  = {8},
  pages   = {606-619},
  issn    = {1467-789X},
  type    = {Journal Article},
}

@Article{Huang2009systemsorientedmultilevel,
  author  = {Huang, Terry T and Drewnowski, Adam and Kumanyika, Shiriki K and Glass, Thomas A},
  title   = {A systems-oriented multilevel framework for addressing obesity in the 21st century},
  journal = {Preventing Chronic Disease},
  year    = {2009},
  volume  = {6},
  number  = {3},
  type    = {Journal Article},
}

@Misc{IBISWorld2016FruitJuiceDrink,
  author    = {IBISWorld},
  title     = {Fruit Juice Drink Manufacturing in Australia: Market Research Report},
  year      = {2016},
  publisher = {IBISWorld},
  type      = {Web Page},
  url       = {http://www.ibisworld.com.au/industry/default.aspx?indid=1861},
}

@Misc{IBISWorld2016SoftDrinkManufacturing,
  author    = {IBISWorld},
  title     = {Soft Drink Manufacturing in Australia: Market Research Report},
  year      = {2016},
  publisher = {IBISWorld},
  type      = {Web Page},
  url       = {http://www.ibisworld.com.au/industry/default.aspx?indid=1859},
}

@Article{Ifland2009Refinedfoodaddiction,
  author  = {Ifland, JR and Preuss, HG and Marcus, MT and Rourke, KM and Taylor, WC and Burau, K and Jacobs, William Solomon and Kadish, W and Manso, G},
  title   = {Refined food addiction: A classic substance use disorder},
  journal = {Medical Hypotheses},
  year    = {2009},
  volume  = {72},
  number  = {5},
  pages   = {518-526},
  issn    = {0306-9877},
  type    = {Journal Article},
}

@Article{Imamura2015Consumptionsugarsweetened,
  author = {Imamura, Fumiaki and O'Connor, Laura and Ye, Zheng and Mursu, Jaakko and Hayashino, Yasuaki and Bhupathiraju, Shilpa N and Forouhi, Nita G},
  title  = {Consumption of sugar sweetened beverages, artificially sweetened beverages, and fruit juice and incidence of type 2 diabetes: systematic review, meta-analysis, and estimation of population attributable fraction},
  volume = {351},
  journal = {British Medical Journal},
  year   = {2015},
  issn   = {1756-1833},
  type   = {Journal Article},
}

@Misc{SaludPublica2016Employmentchangesassociated,
  author = {{Instituto Nacional de Salud P{\'u}blica}},
  title  = {Employment changes associated with the implementation of the sugar-sweetened beverage and the nonessential energy dense food taxes in Mexico},
  year   = {2016},
  type   = {Web Page},
  url    = {https://www.insp.mx/epppo/blog/4206-sugar-sweetened-beverages.html},
}

@Misc{Janiszewski2012WhyBodyMass,
  author = {Janiszewski, Peter},
  title  = {Why the Body Mass Index (BMI) is a Poor Measure of Your Health},
  year   = {2012},
  type   = {Generic},
  url    = {http://blogs.plos.org/obesitypanacea/2012/02/10/why-the-body-mass-index-bmi-is-a-poor-measure-of-your-health/},
}

@Article{Janssen2002Bodymassindex,
  author  = {Janssen, Ian and Heymsfield, Steven B and Allison, David B and Kotler, Donald P and Ross, Robert},
  title   = {Body mass index and waist circumference independently contribute to the prediction of nonabdominal, abdominal subcutaneous, and visceral fat},
  journal = {The American Journal of Clinical Nutrition},
  year    = {2002},
  volume  = {75},
  number  = {4},
  pages   = {683-688},
  issn    = {0002-9165},
  type    = {Journal Article},
}

@Article{Johnson2009Dietarysugarsintake,
  author  = {Johnson, Rachel K and Appel, Lawrence J and Brands, Michael and Howard, Barbara V and Lefevre, Michael and Lustig, Robert H and Sacks, Frank and Steffen, Lyn M and Wylie-Rosett, Judith},
  title   = {Dietary sugars intake and cardiovascular health a scientific statement from the American Heart Association},
  journal = {Circulation},
  year    = {2009},
  volume  = {120},
  number  = {11},
  pages   = {1011-1020},
  issn    = {0009-7322},
  type    = {Journal Article},
}

@Book{Jolly2011MarketingObesityJunk,
  title     = {Marketing Obesity?: Junk Food, Advertising and Kids},
  publisher = {Parliamentary Library},
  year      = {2011},
  author    = {Jolly, Rhonda},
  type      = {Book},
}

@Article{Jureidini1988Bloodpressureschoolchildren,
  author  = {Jureidini, K. F. and Baghurst, P. A. and Hogg, R. J. and van Renen, M. J. and Adams, P. S. and Burnell, R. H. and Goldblatt, E. and Vimpani, G. V.},
  title   = {Blood pressure in schoolchildren measured under standardized conditions},
  journal = {Medical Journal of Australia},
  year    = {1988},
  volume  = {149},
  type    = {Journal Article},
}

@Article{Kaplin2011NationalStrategyCombat,
  author  = {Kaplin, Lauren},
  title   = {National Strategy to Combat the Childhood Obesity Epidemic, A},
  journal = {UC Davis Journal of Juvenile Law \& Policy},
  year    = {2011},
  volume  = {15},
  pages   = {347},
  type    = {Journal Article},
}

@Article{Kaplin2013Usingeconomicpolicy,
  author  = {Kaplin, L and Thow, AM},
  title   = {Using economic policy to tackle chronic disease: options for the Australian Government},
  journal = {Journal of Law and Medicine},
  year    = {2013},
  volume  = {20},
  number  = {3},
  pages   = {604-620},
  issn    = {1320-159X},
  type    = {Journal Article},
}

@Article{Karnani2016ObesityCrisisas,
  author  = {Karnani, Aneel and McFerran, Brent and Mukhopadhyay, Anirban},
  title   = {The Obesity Crisis as Market Failure: An Analysis of Systemic Causes and Corrective Mechanisms},
  journal = {The Journal of the Association for Consumer Research},
  year    = {2016},
  volume  = {1},
  number  = {3},
  pages   = {445-470},
  issn    = {2378-1815},
  type    = {Journal Article},
}

@Article{Karra2013linkFTOghrelin,
  author  = {Karra, Efthimia and O'Daly, Owen G and Choudhury, Agharul I and Yousseif, Ahmed and Millership, Steven and Neary, Marianne T and Scott, William R and Chandarana, Keval and Manning, Sean and Hess, Martin E},
  title   = {A link between FTO, ghrelin, and impaired brain food-cue responsivity},
  journal = {The Journal of Clinical Investigation},
  year    = {2013},
  volume  = {123},
  number  = {8},
  pages   = {3539-3551},
  issn    = {0021-9738},
  type    = {Journal Article},
}

@Misc{Keane2016Sugarohhoney,
  author = {Keane, Bernard},
  title  = {Sugar, oh, honey honey, I am the nanny state, and you've got me watching you},
  month  = {20 September 2016},
  year   = {2016},
  type   = {Web Page},
  url    = {https://www.crikey.com.au/2016/09/20/hey-nanny-state-australians-eating-way-less-sugar-than-they-used-to/},
}

@Article{Keith2006Putativecontributorssecular,
  author  = {Keith, Scott W and Redden, David T and Katzmarzyk, Peter T and Boggiano, Mary M and Hanlon, Erin C and Benca, Ruth M and Ruden, Douglas and Pietrobelli, Angelo and Barger, Jamie L and Fontaine, KRothers},
  title   = {Putative contributors to the secular increase in obesity: exploring the roads less traveled},
  journal = {International Journal of Obesity},
  year    = {2006},
  volume  = {30},
  number  = {11},
  pages   = {1585-1594},
  issn    = {0307-0565},
  type    = {Journal Article},
}

@Article{Keklund1997Objectivecomponentsindividual,
  author  = {Keklund, G. and Akerstedt, T.},
  title   = {Objective components of individual differences in subjective sleep quality},
  journal = {Journal of Sleep Research},
  year    = {1997},
  volume  = {6},
  doi     = {10.1111/j.1365-2869.1997.00217.x},
  type    = {Journal Article},
  url     = {http://dx.doi.org/10.1111/j.1365-2869.1997.00217.x},
}

@TechReport{Kelly2008Frontpackfood,
  author = {Kelly, B and Hughes, C and Chapman, K and Louie, J and Dixon, H and King, L},
  title  = {Front-of-pack food labelling: Traffic light labelling gets the green light. Sydney: Cancer Council},
  year   = {2008},
  type   = {Report},
}

@Article{Kerr1996Preventingsleepproblems,
  author  = {Kerr, S. M. and Jowett, S. A. and Smith, L. N.},
  title   = {Preventing sleep problems in infants: A randomized controlled trial},
  journal = {Journal of Advanced Nursing},
  year    = {1996},
  volume  = {24},
  doi     = {10.1111/j.1365-2648.1996.tb02929.x},
  type    = {Journal Article},
  url     = {http://dx.doi.org/10.1111/j.1365-2648.1996.tb02929.x},
}

@Article{Kim2012Restrictiontelevisionfood,
  author  = {Kim, Soyoung and Lee, Youngmi and Yoon, Jihyun and Chung, Sang-Jin and Lee, Soo-Kyung and Kim, Hyogyoo},
  title   = {Restriction of television food advertising in South Korea: impact on advertising of food companies},
  journal = {Health Promotion International},
  year    = {2012},
  pages   = {das023},
  issn    = {0957-4824},
  type    = {Journal Article},
}

@Article{Kitzmann2006Familybasedinterventions,
  author  = {Kitzmann, K. M. and Beech, B. M.},
  title   = {Family-based interventions for pediatric obesity: methodological and conceptual challenges from family psychology},
  journal = {Journal of Family Psychology},
  year    = {2006},
  volume  = {20},
  doi     = {10.1037/0893-3200.20.2.175},
  type    = {Journal Article},
  url     = {http://dx.doi.org/10.1037/0893-3200.20.2.175},
}

@Article{Koplan2010Responsefoodbeverage,
  author  = {Koplan, Jeffrey P and Brownell, Kelly D},
  title   = {Response of the food and beverage industry to the obesity threat},
  journal = {Journal of the American Medical Association},
  year    = {2010},
  volume  = {304},
  number  = {13},
  pages   = {1487-1488},
  issn    = {0098-7484},
  type    = {Journal Article},
}

@Article{Korda2013Prospectivecohortstudy,
  author  = {Korda, Rosemary J and Liu, Bette and Clements, Mark S and Bauman, Adrian E and Jorm, Louisa R and Bambrick, Hilary J and Banks, Emily},
  title   = {Prospective cohort study of body mass index and the risk of hospitalisation: findings from 246 361 participants in the 45 and Up Study},
  journal = {International Journal of Obesity},
  year    = {2013},
  volume  = {37},
  number  = {6},
  pages   = {790-799},
  issn    = {0307-0565},
  type    = {Journal Article},
}

@Article{Kortt2010Doessizematter,
  author  = {Kortt, Michael and Leigh, Andrew},
  title   = {Does size matter in Australia?},
  journal = {Economic Record},
  year    = {2010},
  volume  = {86},
  number  = {272},
  pages   = {71-83},
  issn    = {1475-4932},
  type    = {Journal Article},
}

@Article{KrahnstoeverDavison2005Reexaminingobesigenicfamilies,
  author  = {Krahnstoever Davison, K. and Francis, L. A. and Birch, L. L.},
  title   = {Reexamining obesigenic families: parents' obesity-related behaviors predict girls' change in BMI},
  journal = {Obesity Research},
  year    = {2005},
  volume  = {13},
  doi     = {10.1038/oby.2005.243},
  type    = {Journal Article},
  url     = {http://dx.doi.org/10.1038/oby.2005.243},
}

@Article{Kritchevsky2015Intentionalweightloss,
  author  = {Kritchevsky, Stephen B and Beavers, Kristen M and Miller, Michael E and Shea, M Kyla and Houston, Denise K and Kitzman, Dalane W and Nicklas, Barbara J},
  title   = {Intentional weight loss and all-cause mortality: A meta-analysis of randomized clinical trials},
  journal = {PloS One},
  year    = {2015},
  volume  = {10},
  number  = {3},
  pages   = {e0121993},
  issn    = {1932-6203},
  type    = {Journal Article},
}

@Article{Kuczmarski2000CDCgrowthcharts,
  author  = {Kuczmarski, R. J. and Ogden, C. L. and Grummer-Strawn, L. M. and Flegal, K. M. and Guo, S. S. and Wei, R. and Mei, Z. and Curtin, L. R. and Roche, A. F. and Johnson, C. L.},
  title   = {CDC growth charts: United States},
  journal = {Advance Data},
  year    = {2000},
  volume  = {314},
  type    = {Journal Article},
}

@Article{Lakdawalla2009growthobesitytechnological,
  author  = {Lakdawalla, Darius and Philipson, Tomas},
  title   = {The growth of obesity and technological change},
  journal = {Economics and Human Biology},
  year    = {2009},
  volume  = {7},
  number  = {3},
  pages   = {283-293},
  issn    = {1570-677X},
  type    = {Journal Article},
}

@Article{Jander2010Clinicaldiagnosismetabolic,
  author  = {l'Allemand-Jander, D.},
  title   = {Clinical diagnosis of metabolic and cardiovascular risks in overweight children: early development of chronic diseases in the obese child},
  journal = {International Journal of Obesity},
  year    = {2010},
  volume  = {34},
  doi     = {10.1038/ijo.2010.237},
  type    = {Journal Article},
  url     = {http://dx.doi.org/10.1038/ijo.2010.237},
}

@Misc{Lawrence2015yearonAustralias,
  author    = {Lawrence, Mark and Pollard, Christina},
  title     = {A year on, Australia's health star food-rating system is showing cracks},
  month     = {13 July 2015},
  year      = {2015},
  publisher = {The Conversation},
  type      = {Web Page},
  url       = {https://theconversation.com/a-year-on-australias-health-star-food-rating-system-is-showing-cracks-42911},
}

@Article{Lei2016Dietaryintakefood,
  author  = {Lei, Linggang and Rangan, Anna and Flood, Victoria M and Louie, Jimmy Chun Yu},
  title   = {Dietary intake and food sources of added sugar in the Australian population},
  journal = {British Journal of Nutrition},
  year    = {2016},
  volume  = {115},
  number  = {05},
  pages   = {868-877},
  issn    = {1475-2662},
  type    = {Journal Article},
}

@Article{Lennerz2013Effectsdietaryglycemic,
  author  = {Lennerz, Belinda S and Alsop, David C and Holsen, Laura M and Stern, Emily and Rojas, Rafael and Ebbeling, Cara B and Goldstein, Jill M and Ludwig, David S},
  title   = {Effects of dietary glycemic index on brain regions related to reward and craving in men},
  journal = {The American Journal of Clinical Nutrition},
  year    = {2013},
  volume  = {98},
  number  = {3},
  pages   = {641-647},
  issn    = {0002-9165},
  type    = {Journal Article},
}

@Book{Leonard2008NudgeImprovingdecisions,
  title  = {Nudge: Improving decisions about health, wealth, and happiness},
  year   = {2008},
  author = {Leonard, Thomas C and Thaler, Richard H. and Sunstein, Cass R.},
  type   = {Book},
}

@Misc{Lesh2016Greenssoftdrinks,
  author = {Lesh, Matthew},
  title  = {The Greens soft drinks tax: illiberal, ineffective, regressive},
  year   = {2016},
  number = {22 June 2016},
  type   = {Web Page},
  url    = {http://www.spectator.co.uk/2016/06/greens-soft-drinks-tax-illiberal-ineffective-regressive/},
}

@Article{Lesser2007Relationshipfundingsource,
  author  = {Lesser, Lenard I and Ebbeling, Cara B and Goozner, Merrill and Wypij, David and Ludwig, David S},
  title   = {Relationship between funding source and conclusion among nutrition-related scientific articles},
  journal = {PLoS Med},
  year    = {2007},
  volume  = {4},
  number  = {1},
  pages   = {e5},
  issn    = {1549-1676},
  type    = {Journal Article},
}

@Article{Levy2014QuenchingAustraliasthirst,
  author  = {Levy, Gina S and Shrapnel, William S},
  title   = {Quenching Australia's thirst: A trend analysis of water-based beverage sales from 1997 to 2011},
  journal = {Nutrition and Dietetics},
  year    = {2014},
  volume  = {71},
  number  = {3},
  pages   = {193-200},
  issn    = {1747-0080},
  type    = {Journal Article},
}

@Article{Ley2006Microbialecologyhuman,
  author  = {Ley, R. E. and Turnbaugh, P. J. and Klein, S. and Gordon, J. I.},
  title   = {Microbial ecology: human gut microbes associated with obesity},
  journal = {Nature},
  year    = {2006},
  volume  = {444},
  doi     = {10.1038/4441022a},
  type    = {Journal Article},
  url     = {http://dx.doi.org/10.1038/4441022a},
}

@Article{Li2010Epigeneticprogrammingmaternal,
  author  = {Li, Cheryl Chui Ying and Maloney, Christopher A and Cropley, Jennifer E and Suter, Catherine M},
  title   = {Epigenetic programming by maternal nutrition: shaping future generations},
  journal = {Epigenomics},
  year    = {2010},
  volume  = {2},
  number  = {4},
  pages   = {539-549},
  issn    = {1750-1911},
  type    = {Journal Article},
}

@InProceedings{Lineffectssugarsweetened,
  author    = {Lin, Biing-Hwan and Smith, Travis A and Lee, Jonq-Ying},
  title     = {The effects of a sugar-sweetened beverage tax: Consumption, calorie intake, obesity, and tax burden by income},
  year      = {2010},
  booktitle = {Agricultural \& Applied Economics Association Meeting},
  type      = {Conference Proceedings},
  url       = {http://ageconsearch.umn.edu/bitstream/61167/2/AAEA%20_05122010_.pdf},
}

@Article{Lin2011Measuringweightoutcomes,
  author  = {Lin, Biing-Hwan and Smith, Travis A and Lee, Jonq-Ying and Hall, Kevin D},
  title   = {Measuring weight outcomes for obesity intervention strategies: The case of a sugar-sweetened beverage tax},
  journal = {Economics and Human Biology},
  year    = {2011},
  volume  = {9},
  number  = {4},
  pages   = {329-341},
  issn    = {1570-677X},
  type    = {Journal Article},
}

@Article{Lin2011Measuringweightoutcomesa,
  author  = {Lin, Biing-Hwan and Smith, Travis A and Lee, Jonq-Ying and Hall, Kevin D},
  title   = {Measuring weight outcomes for obesity intervention strategies: The case of a sugar-sweetened beverage tax},
  journal = {Economics and Human Biology},
  year    = {2011},
  volume  = {9},
  number  = {4},
  pages   = {329-341},
  issn    = {1570-677X},
  type    = {Journal Article},
}

@Article{Liquori1998CookshopProgramoutcome,
  author  = {Liquori, Toni and Koch, Pamela D and Contento, Isobel Ruth and Castle, Jennifer},
  title   = {The Cookshop Program: outcome evaluation of a nutrition education program linking lunchroom food experiences with classroom cooking experiences},
  journal = {Journal of Nutrition Education},
  year    = {1998},
  volume  = {30},
  number  = {5},
  pages   = {302-313},
  issn    = {0022-3182},
  type    = {Journal Article},
}

@Article{Livingston2012JAMAobesitytheme,
  author  = {Livingston, Edward and Zylke, Jody W},
  title   = {Journal of the American Medical Association obesity theme issue: Call for papers},
  journal = {Journal of the American Medical Association},
  year    = {2012},
  volume  = {307},
  number  = {9},
  pages   = {970-971},
  issn    = {0098-7484},
  type    = {Journal Article},
}

@Article{Livingston2012Progressobesityresearch,
  author   = {Livingston, Edward and Zylke, Jody},
  title    = {Progress in obesity research: Reasons for optimism},
  journal  = {Journal of the American Medical Association},
  year     = {2012},
  volume   = {308},
  number   = {11},
  pages    = {1162-1164},
  issn     = {0098-7484},
  type     = {Journal Article},
}

@Article{Long2015Costeffectivenesssugar,
  author  = {Long, Michael W and Gortmaker, Steven L and Ward, Zachary J and Resch, Stephen C and Moodie, Marj L and Sacks, Gary and Swinburn, Boyd A and Carter, Rob C and Wang, Y Claire},
  title   = {Cost effectiveness of a sugar-sweetened beverage excise tax in the US},
  journal = {American Journal of Preventive Medicine},
  year    = {2015},
  volume  = {49},
  number  = {1},
  pages   = {112-123},
  issn    = {0749-3797},
  type    = {Journal Article},
}

@Article{Loong1982Pecuniaryexternalitiesdo,
  author  = {Loong, Lee Hsien and Zeckhauser, Richard},
  title   = {Pecuniary externalities do matter when contingent claims markets are incomplete},
  journal = {The Quarterly Journal of Economics},
  year    = {1982},
  volume  = {97},
  number  = {1},
  pages   = {171-179},
  issn    = {0033-5533},
  type    = {Journal Article},
}

@InProceedings{LordanShouldweput,
  author    = {Lordan, Grace and Quiggin, John},
  title     = {Should we put a thin subsidy on the policy table in the fight against Obesity?},
  booktitle = {Forum for Health Economics and Policy},
  volume    = {14},
  pages     = {1-13},
  type      = {Conference Proceedings},
  year      = {2011}
}

@Article{Ludwig2001Relationconsumptionsugar,
  author  = {Ludwig, David S and Peterson, Karen E and Gortmaker, Steven L},
  title   = {Relation between consumption of sugar-sweetened drinks and childhood obesity: A prospective, observational analysis},
  journal = {The Lancet},
  year    = {2001},
  volume  = {357},
  number  = {9255},
  pages   = {505-508},
  issn    = {0140-6736},
  type    = {Journal Article},
}

@Article{Lundborg2014Bodysizeskills,
  author  = {Lundborg, Petter and Nystedt, Paul and Rooth, Dan-Olof},
  title   = {Body size, skills, and income: evidence from 150,000 teenage siblings},
  journal = {Demography},
  year    = {2014},
  volume  = {51},
  number  = {5},
  pages   = {1573-1596},
  issn    = {0070-3370},
  type    = {Journal Article},
}

@Article{Lusk2013LunchPigouExternalities,
  author  = {Lusk, Jayson L},
  title   = {Lunch with Pigou: Externalities and the ``Hidden'' Cost of Food},
  journal = {Agricultural and Resource Economics Review},
  year    = {2013},
  volume  = {42},
  number  = {3},
  pages   = {419-435},
  issn    = {1068-2805},
  type    = {Journal Article},
}

@Article{MacKay2011Legislativesolutionsunhealthy,
  author  = {MacKay, Sarah},
  title   = {Legislative solutions to unhealthy eating and obesity in Australia},
  journal = {Public Health},
  year    = {2011},
  volume  = {125},
  number  = {12},
  pages   = {896-904},
  issn    = {0033-3506},
  type    = {Journal Article},
}

@Article{Magnus2009costeffectivenessremoving,
  author  = {Magnus, A and Haby, MM and Carter, R and Swinburn, B},
  title   = {The cost-effectiveness of removing television advertising of high-fat and/or high-sugar food and beverages to Australian children},
  journal = {International Journal of Obesity},
  year    = {2009},
  volume  = {33},
  number  = {10},
  pages   = {1094-1102},
  issn    = {0307-0565},
  type    = {Journal Article},
}

@Article{Magnusson2010Obesitypreventionpersonal,
  author  = {Magnusson, Roger S},
  title   = {Obesity prevention and personal responsibility: The case of front-of-pack food labelling in Australia},
  journal = {BioMed Central Public Health},
  year    = {2010},
  volume  = {10},
  number  = {662},
  pages   = {1-12},
  issn    = {1471-2458},
  type    = {Journal Article},
}

@Article{Maher2006Patternssportssponsorship,
  author  = {Maher, Anthony and Wilson, Nick and Signal, Louise and Thomson, George},
  title   = {Patterns of sports sponsorship by gambling, alcohol and food companies: An Internet survey},
  journal = {BioMed Central public health},
  year    = {2006},
  volume  = {6},
  number  = {1},
  pages   = {1},
  issn    = {1471-2458},
  type    = {Journal Article},
}

@Article{Malik2010Sugarsweetenedbeverages,
  author  = {Malik, Vasanti S and Popkin, Barry M and Bray, George A and Despr{\'e}s, Jean-Pierre and Hu, Frank B},
  title   = {Sugar-sweetened beverages, obesity, type 2 diabetes mellitus, and cardiovascular disease risk},
  journal = {Circulation},
  year    = {2010},
  volume  = {121},
  number  = {11},
  pages   = {1356-1364},
  issn    = {0009-7322},
  type    = {Journal Article},
}

@Article{Malik2006Intakesugarsweetened,
  author  = {Malik, Vasanti S and Schulze, Matthias B and Hu, Frank B},
  title   = {Intake of sugar-sweetened beverages and weight gain: A systematic review},
  journal = {The American Journal of Clinical Nutrition},
  year    = {2006},
  volume  = {84},
  number  = {2},
  pages   = {274-288},
  issn    = {0002-9165},
  type    = {Journal Article},
}

@Article{Malik2010riskmetaanalysis,
  author  = {Malik, Vasanti S and Popkin, Barry M and Bray, George A and Despr{\'e}s, Jean-Pierre and Willet, W C and Hu, Frank B},
  title   = {Sugar-sweetened beverages and risk of metabolic syndrome and type 2 diabetes a meta-analysis},
  journal = {Diabetes Care},
  year    = {2010},
  volume  = {33},
  number  = {11},
  pages   = {2477-2483},
  type    = {Journal Article},
}



@Article{Manyema2014potentialimpact20,
  author  = {Manyema, Mercy and Veerman, Lennert J and Chola, Lumbwe and Tugendhaft, Aviva and Sartorius, Benn and Labadarios, Demetre and Hofman, Karen J},
  title   = {The potential impact of a 20\% tax on sugar-sweetened beverages on obesity in South African adults: A mathematical model},
  journal = {PloS One},
  year    = {2014},
  volume  = {9},
  number  = {8},
  pages   = {e105287},
  issn    = {1932-6203},
  type    = {Journal Article},
}

@Article{Marcus2014Doesjobloss,
  author  = {Marcus, Jan},
  title   = {Does job loss make you smoke and gain weight?},
  journal = {Economica},
  year    = {2014},
  volume  = {81},
  number  = {324},
  pages   = {626-648},
  issn    = {1468-0335},
  type    = {Journal Article},
}

@Article{Margulies2005Genomesequencingmicrofabricated,
  author  = {Margulies, M. and Egholm, M. and Altman, W. E. and Attiya, S. and Bader, J. S. and Bemben, L. A. and Berka, J. and Braverman, M. S. and Chen, Y. J. and Chen, Z.},
  title   = {Genome sequencing in microfabricated high-density picolitre reactors},
  journal = {Nature},
  year    = {2005},
  volume  = {437},
  type    = {Journal Article},
}

@Article{Marild2004Prevalencetrendsobesity,
  author  = {Marild, S. and Bondestam, M. and Bergstrom, R. and Ehnberg, S. and Hollsing, A. and Albertsson-Wikland, K.},
  title   = {Prevalence trends of obesity and overweight among 10-year-oldchildren in western Sweden and relationship with parental body mass index},
  journal = {Actapaediatrica},
  year    = {2004},
  volume  = {93},
  type    = {Journal Article},
}

@Article{Mathieu2009Visceralobesitylink,
  author  = {Mathieu, Patrick and Poirier, Paul and Pibarot, Philippe and Lemieux, Isabelle and Despr{\'e}s, Jean-Pierre},
  title   = {Visceral obesity the link among inflammation, hypertension, and cardiovascular disease},
  journal = {Hypertension},
  year    = {2009},
  volume  = {53},
  number  = {4},
  pages   = {577-584},
  issn    = {0194-911X},
  type    = {Journal Article},
}

@Article{Mattes2009Nonnutritivesweetenerconsumption,
  author  = {Mattes, Richard D and Popkin, Barry M},
  title   = {Nonnutritive sweetener consumption in humans: effects on appetite and food intake and their putative mechanisms},
  journal = {The American Journal of Clinical Nutrition},
  year    = {2009},
  volume  = {89},
  number  = {1},
  pages   = {1-14},
  issn    = {0002-9165},
  type    = {Journal Article},
}

@Article{Matthew2005Calibrationaccelerometeroutput,
  author  = {Matthew, C. E.},
  title   = {Calibration of accelerometer output for adults},
  journal = {Medicine and Science in Sports and Exercise},
  year    = {2005},
  volume  = {37},
  doi     = {10.1249/01.mss.0000185659.11982.3d},
  type    = {Journal Article},
  url     = {http://dx.doi.org/10.1249/01.mss.0000185659.11982.3d},
}

@Article{McClure2014GreatestExternalityStory,
  author  = {McClure, James and Watts, Tyler},
  title   = {The Greatest Externality Story (N)ever Told},
  journal = {The American Economist},
  year    = {2014},
  type    = {Journal Article},
}

@TechReport{Mckinsey2014overcomingobesity,
  author = {{McKinsey Global Institute}},
  title  = {Overcoming obesity: An initial economic analysis},
  year   = {2014},
  type   = {Report},
  url    = {http://www.mckinsey.com/industries/healthcare-systems-and-services/our-insights/how-the-world-could-better-fight-obesity},
}

@TechReport{Medibank2010ObesityAustraliafinancial,
  author = {Medibank},
  title  = {Obesity in Australia: financial impacts and cost benefits of intervention},
  year   = {2010},
  type   = {Report},
  url    = {http://www.medibank.com.au/client/documents/pdfs/obesity_report_2010.pdf},
}

@TechReport{Medibank2011SickWorkcost,
  author = {Medibank},
  title  = {Sick at Work - The cost of presenteeism to your business and the economy},
  year   = {2011},
  type   = {Report},
  url    = {http://www.medibank.com.au/client/documents/pdfs/sick_at_work.pdf},
}

@Article{Mejean2014Associationperceptionfront,
  author  = {M{\'e}jean, Caroline and Macouillard, Pauline and P{\'e}neau, Sandrine and Lassale, Camille and Hercberg, Serge and Castetbon, Katia},
  title   = {Association of perception of front-of-pack labels with dietary, lifestyle and health characteristics},
  journal = {PloS One},
  year    = {2014},
  volume  = {9},
  number  = {3},
  pages   = {e90971},
  issn    = {1932-6203},
  type    = {Journal Article},
}

@Article{Mhurchu2007Nutritionlabelsclaims,
  author  = {Mhurchu, Cliona Ni and Gorton, Delvina},
  title   = {Nutrition labels and claims in New Zealand and Australia: A review of use and understanding},
  journal = {Australian and New Zealand Journal of Public Health},
  year    = {2007},
  volume  = {31},
  number  = {2},
  pages   = {105-112},
  issn    = {1753-6405},
  type    = {Journal Article},
}

@Article{Miao2013Accountingproductsubstitution,
  author  = {Miao, Zhen and Beghin, John C and Jensen, Helen H},
  title   = {Accounting for product substitution in the analysis of food taxes targeting obesity},
  journal = {Health Economics},
  year    = {2013},
  volume  = {22},
  number  = {11},
  pages   = {1318-1343},
  issn    = {1099-1050},
  type    = {Journal Article},
}

@Article{Miaskowski2004Randomizedclinicaltrial,
  author  = {Miaskowski, C. and Dodd, M. and West, C. and Schumacher, K. and Paul, S. M. and Tripathy, D. and Koo, P.},
  title   = {Randomized clinical trial of the effectiveness of a self-care intervention to improve cancer pain management},
  journal = {Journal of Clinical Oncology},
  year    = {2004},
  volume  = {22},
  doi     = {10.1200/jco.2004.06.140},
  type    = {Journal Article},
  url     = {http://dx.doi.org/10.1200/JCO.2004.06.140},
}

@Article{Middelburg2009GroningenARTcohort,
  author  = {Middelburg, K. J. and Heineman, M. J. and Bos, A. F. and Pereboom, M. and Fidler, V. and Hadders-Algra, M.},
  title   = {The Groningen ART cohort study: ovarian hyperstimulation and the in vitro procedure do not affect neurological outcome in infancy},
  journal = {Human Reproduction},
  year    = {2009},
  volume  = {24},
  doi     = {10.1093/humrep/dep310},
  type    = {Journal Article},
  url     = {http://dx.doi.org/10.1093/humrep/dep310},
}

@Article{Mindell2006Behavioraltreatmentbedtime,
  author  = {Mindell, J. A. and Kuhn, B. and Lewin, D. S. and Meltzer, L. J. and Sadeh, A.},
  title   = {Behavioral treatment of bedtime problems and night wakings in infants and young children},
  journal = {Sleep},
  year    = {2006},
  volume  = {29},
  type    = {Journal Article},
}

@Article{Moodie2008Australiahealthiestcountry,
  author  = {Moodie, A Rob and AO, Ms Kate Carnell and Connors, Christine and Larkin, Shaun and Segal, Leonie and Selvey, Linda and AO, Paul Zimmet},
  title   = {Australia: The healthiest country by 2020},
  journal = {Medical Journal of Australia},
  year    = {2008},
  volume  = {189},
  number  = {10},
  pages   = {588-90},
  type    = {Journal Article},
}

@Article{Moore2010Bedtimeproblemsnight,
  author  = {Moore, M.},
  title   = {Bedtime problems and night wakings: Treatment of behavioral insomnia of childhood},
  journal = {Journal of Clinical Psychology},
  year    = {2010},
  volume  = {66},
  doi     = {10.1002/jclp.20731},
  type    = {Journal Article},
  url     = {http://dx.doi.org/10.1002/jclp.20731},
}

@Article{Morley2012Publicopinionfood,
  author  = {Morley, Belinda and Martin, Jane and Niven, Philippa and Wakefield, Melanie},
  title   = {Public opinion on food-related obesity prevention policy initiatives},
  journal = {Health promotion journal of Australia: official journal of Australian Association of Health Promotion Professionals},
  year    = {2012},
  volume  = {23},
  number  = {2},
  pages   = {86-91},
  type    = {Journal Article},
}

@Misc{Moss2013ExtraordinaryScienceAddictive,
  author    = {Moss, Michael},
  title     = {The Extraordinary Science of Addictive Junk Food},
  year      = {2013},
  publisher = {New York Times},
  type      = {Web Page},
  url       = {http://www.nytimes.com/2013/02/24/magazine/the-extraordinary-science-of-junk-food.html},
}

@Article{Mozaffarian2016politicssciencesoda,
  author  = {Mozaffarian, Dariush},
  title   = {The politics and science of soda and our health},
  journal = {The Lancet},
  year    = {2016},
  volume  = {387},
  number  = {10034},
  pages   = {2192-2193},
  issn    = {0140-6736},
  type    = {Journal Article},
}

@Article{Must1999diseaseburdenassociated,
  author  = {Must, Aviva and Spadano, Jennifer and Coakley, Eugenie H and Field, Alison E and Colditz, Graham and Dietz, William H},
  title   = {The disease burden associated with overweight and obesity},
  journal = {Journal of the American Medical Association},
  year    = {1999},
  volume  = {282},
  number  = {16},
  pages   = {1523-1529},
  issn    = {0098-7484},
  type    = {Journal Article},
}

@Article{Mytton2012Taxingunhealthyfood,
  author  = {Mytton, Oliver T and Clarke, Dushy and Rayner, Mike},
  title   = {Taxing unhealthy food and drinks to improve health},
  journal = {British Medical Journal},
  year    = {2012},
  volume  = {344},
  number  = {7857},
  pages   = {e2931},
  type    = {Journal Article},
}

@Misc{Nadolny2016Sodataxpasses,
  author = {Nadolny, Tricia},
  title  = {Soda tax passes; Philadelphia is first big city in nation to enact one},
  month  = {16 June 2016},
  year   = {2016},
  type   = {Newspaper Article},
}

@Misc{Nadolny2016TallyingcostsPhiladelphias,
  author = {Nadolny, Tricia},
  title  = {Tallying costs of Philadelphia's drink-tax fight},
  month  = {3 August 2016},
  year   = {2016},
  type   = {Newspaper Article},
}

@Misc{Institute2009ArtificialSweetenersCancer,
  author = {{National Cancer Institute}},
  title  = {Artificial Sweeteners and Cancer},
  year   = {2009},
  type   = {Web Page},
  url    = {https://www.cancer.gov/about-cancer/causes-prevention/risk/diet/artificial-sweeteners-fact-sheet},
}

@TechReport{Health2013AustralianDietaryGuidelines,
  author      = {{National Health and Medical Research Council}},
  title       = {Australian Dietary Guidelines},
  institution = {National Health and Medical Research Council},
  year        = {2013},
  type        = {Report},
  url         = {https://www.nhmrc.gov.au/_files_nhmrc/publications/attachments/n55_australian_dietary_guidelines_130530.pdf},
}

@TechReport{Taskforce2009Australiahealthiestcountry,
  author      = {National Preventative Health Taskforce},
  title       = {Australia: The healthiest country by 2020 - National Preventative Health Strategy - the roadmap for action},
  institution = {{Department of Health and Ageing}},
  year        = {2009},
  type        = {Report},
  url         = {http://www.preventativehealth.org.au/internet/preventativehealth/publishing.nsf/Content/CCD7323311E358BECA2575FD000859E1/$File/nphs-roadmap.pdf},
}

@TechReport{Taskforce2009TechnicalReport1,
  author      = {National Preventative Health Taskforce},
  title       = {Technical Report 1: Obesity in Australia: A need for urgent action},
  institution = {{Department of Health and Ageing (Cth)}},
  year        = {2009},
  type        = {Report},
  url         = {http://www.health.gov.au/internet/preventativehealth/publishing.nsf/content/E233F8695823F16CCA2574DD00818E64/$File/obesity-jul09.pdf},
}

@Book{Nestle2015Sodapoliticstaking,
  title     = {Soda politics: Taking on big soda (and winning)},
  publisher = {Oxford University Press, USA},
  year      = {2015},
  author    = {Nestle, Marion},
  isbn      = {0190263431},
  type      = {Book},
}

@Article{Panel2014POLICYBRIEFoptions,
  author  = {{New Zealand Beverage Guidance Panel}},
  title   = {Policy brief: options to reduce sugar sweetened beverage (SSB) consumption in New Zealand},
  journal = {Pacific Health Dialogue},
  year    = {2014},
  volume  = {20},
  number  = {1},
  pages   = {98-102},
  type    = {Journal Article},
}

@Article{NiMhurchu2014Twentypercenttax,
  author  = {Ni Mhurchu, C and Eyles, Helen and Genc, Murat and Blakely, Tony},
  title   = {Twenty percent tax on fizzy drinks could save lives and generate millions in revenue for health programmes in New Zealand},
  journal = {New Zealand Medical Journal},
  year    = {2014},
  volume  = {127},
  number  = {1389},
  pages   = {92-5},
  type    = {Journal Article},
}

@Article{Nielsen2002Trendsenergyintake,
  author  = {Nielsen, Samara Joy and Siega-Riz, Anna Maria and Popkin, Barry M},
  title   = {Trends in energy intake in US between 1977 and 1996: similar shifts seen across age groups},
  journal = {Obesity Research},
  year    = {2002},
  volume  = {10},
  number  = {5},
  pages   = {370-378},
  issn    = {1550-8528},
  type    = {Journal Article},
}

@Article{Nordstroem2016RisksMyocardialInfarction,
  author  = {Nordstr{\"o}m, Peter and Pedersen, Nancy L and Gustafson, Yngve and Micha{\"e}lsson, Karl and Nordstr{\"o}m, Anna},
  title   = {Risks of Myocardial Infarction, Death, and Diabetes in Identical Twin Pairs With Different Body Mass Indexes},
  journal = {Journal of the American Medical Association Internal Medicine},
  year    = {2016},
  type    = {Journal Article},
}

@TechReport{Norton2012MappingAustralianhigher,
  author  = {Norton, Andrew},
  title   = {Mapping Australian higher education},
  institution = {Grattan Institute},
  year    = {2012},
  address = {Melbourne},
  url     = {http://grattan.edu.au/wp-content/uploads/2014/04/122_mapping_higher_education.pdf},
}

@TechReport{Novak2012Nannystatetaxes,
  author      = {Novak, Julie},
  title       = {Nanny state taxes: Soaking the poor in 2012},
  institution = {Institute of Public Affairs},
  year        = {2012},
  type        = {Report},
  url         = {https://www.ipa.org.au/library/publication/1335389416_document_novak_nannystatetaxes.pdf},
}

@TechReport{Australia2014NoTimeWeight,
  author      = {{Obesity Australia}},
  title       = {No Time to Weight: Obesity: A National Epidemic and its Impact on Australia},
  institution = {{Obesity Australia}},
  year        = {2014},
  type        = {Report},
}

@TechReport{Australia2015NoTimeWeight,
  author      = {{Obesity Australia}},
  title       = {No Time to Weight 2: Obesity: Its impact on Australia and a case for action},
  institution = {{Obesity Australia}},
  year        = {2015},
  type        = {Report},
}

@TechReport{Coalition2016Policybriefcase,
  author      = {{Obesity Policy Coalition}},
  title       = {Policy brief: The case for an Australian tax on sugar-sweetened beverages},
  institution = {Obesity Policy Coalition},
  year        = {2016},
  type        = {Report},
  url         = {http://www.opc.org.au/downloads/positionpapers/policy-brief-australian-tax-sugar-sweetened-beverages.pdf},
}

@Misc{OECD2016stats,
  author = {{Organisation for Economic Co-operation and Development}},
  title  = {OECD Statistics},
  year   = {2016},
  type   = {Web Page},
  url    = {http://stats.oecd.org/},
}

@Article{Pagels2011Comparisonpedometeraccelerometer,
  author  = {Pagels, P. and Boldemann, C. and Raustorp, A.},
  title   = {Comparison of pedometer and accelerometer measures of physical activity during preschool time on 3- to 5-year-old children},
  journal = {Acta Paediatrica},
  year    = {2011},
  volume  = {100},
  doi     = {10.1111/j.1651-2227.2010.01962.x},
  type    = {Journal Article},
  url     = {http://dx.doi.org/10.1111/j.1651-2227.2010.01962.x},
}

@Article{Pan2013Changeswaterbeverage,
  author  = {Pan, An and Malik, Vasanti S and Hao, Tao and Willett, Walter C and Mozaffarian, Dariush and Hu, Frank B},
  title   = {Changes in water and beverage intake and long-term weight changes: results from three prospective cohort studies},
  journal = {International Journal of Obesity},
  year    = {2013},
  volume  = {37},
  number  = {10},
  pages   = {1378-1385},
  issn    = {0307-0565},
  type    = {Journal Article},
}

@Article{Park2012impactchildhoodobesity,
  author  = {Park, MH and Falconer, C and Viner, RM and Kinra, S},
  title   = {The impact of childhood obesity on morbidity and mortality in adulthood: A systematic review},
  journal = {Obesity Reviews},
  year    = {2012},
  volume  = {13},
  number  = {11},
  pages   = {985-1000},
  issn    = {1467-789X},
  type    = {Journal Article},
}

@Article{Parks2012MarginalExternalCost,
  author  = {Parks, Joanna C and Alston, Julian M and Okrent, Abigail M},
  title   = {The Marginal External Cost of Obesity in the United States},
  journal = {Robert Mondavi Institute Center for Wine Economics Working Paper},
  year    = {2012},
  volume  = {1201},
  type    = {Journal Article},
}

@TechReport{Office2016PolicycostingAustralian,
  author      = {{Parliamentary Budget Office}},
  title       = {Policy costing for the Australian Greens: Tackling Obesity: Sugar sweetened beverages},
  place      = {Canberra},
  year        = {2016},
  type        = {Report},
}

@Article{Patel2008Shortsleepduration,
  author  = {Patel, S. R. and Hu, F. B.},
  title   = {Short sleep duration and weight gain: A systematic review},
  journal = {Obesity (Silver Spring)},
  year    = {2008},
  volume  = {16},
  doi     = {10.1038/oby.2007.118},
  type    = {Journal Article},
  url     = {http://dx.doi.org/10.1038/oby.2007.118},
}

@Article{Pettigrew2013Consumersinabilityestimate,
  author  = {Pettigrew, Simone and Rosenberg, Michael and Ferguson, Renee},
  title   = {Consumers'(in) ability to estimate the energy content of unhealthy foods},
  journal = {Nutrition and Dietetics},
  year    = {2013},
  volume  = {70},
  number  = {4},
  pages   = {307-311},
  issn    = {1747-0080},
  type    = {Journal Article},
}

@Misc{Pfister2014LeakedCocaColas,
  author = {Pfister, Kyle},
  title  = {Leaked: Coca-Cola's Worldwide Political Strategy to Kill Soda Taxes},
  year   = {2014},
  type   = {Web Page},
  url    = {https://medium.com/cokeleak/leaked-coca-colas-worldwide-political-strategy-to-kill-soda-taxes-9717f361fb04#.9doynpk67},
}

@Book{Pigou2013EconomicsWelfare,
  title     = {The Economics of Welfare},
  publisher = {Palgrave Macmillan},
  year      = {2013},
  author    = {Pigou, Arthur Cecil},
  isbn      = {1137375639},
  type      = {Book},
}

@Article{Poirier2006Obesitycardiovasculardisease,
  author  = {Poirier, Paul and Giles, Thomas D and Bray, George A and Hong, Yuling and Stern, Judith S and Pi-Sunyer, F Xavier and Eckel, Robert H},
  title   = {Obesity and cardiovascular disease pathophysiology, evaluation, and effect of weight loss},
  journal = {Arteriosclerosis, Thrombosis, and Vascular Biology},
  year    = {2006},
  volume  = {26},
  number  = {5},
  pages   = {968-976},
  issn    = {1079-5642},
  type    = {Journal Article},
}

@Article{Popkin2001nutritiontransitionobesity,
  author  = {Popkin, Barry M},
  title   = {The nutrition transition and obesity in the developing world},
  journal = {The Journal of Nutrition},
  year    = {2001},
  volume  = {131},
  number  = {3},
  pages   = {871-873},
  issn    = {0022-3166},
  type    = {Journal Article},
}

@Article{Popkin2012Sugarybeveragesrepresent,
  author  = {Popkin, Barry M},
  title   = {Sugary beverages represent a threat to global health},
  journal = {Trends in Endocrinology and Metabolism},
  year    = {2012},
  volume  = {23},
  number  = {12},
  pages   = {591-593},
  issn    = {1043-2760},
  type    = {Journal Article},
}

@Article{Popkin1998obesityepidemicis,
  author  = {Popkin, Barry M and Doak, Colleen M},
  title   = {The obesity epidemic is a worldwide phenomenon},
  journal = {Nutrition Reviews},
  year    = {1998},
  volume  = {56},
  number  = {4},
  pages   = {106-114},
  issn    = {0029-6643},
  type    = {Journal Article},
}

@Article{Popkin2004nutritiontransitionworldwide,
  author  = {Popkin, Barry M and Gordon-Larsen, Penny},
  title   = {The nutrition transition: worldwide obesity dynamics and their determinants},
  journal = {International Journal of Obesity},
  year    = {2004},
  volume  = {28},
  pages   = {2-9},
  issn    = {0307-0565},
  type    = {Journal Article},
}

@Article{Popkin2016Sweeteningglobaldiet,
  author  = {Popkin, Barry M and Hawkes, Corinna},
  title   = {Sweetening of the global diet, particularly beverages: patterns, trends, and policy responses},
  journal = {The Lancet Diabetes and Endocrinology},
  year    = {2016},
  volume  = {4},
  number  = {2},
  pages   = {174-186},
  issn    = {2213-8587},
  type    = {Journal Article},
}

@Article{Powell2014Employment,
  author  = {Powell, Lisa M and Wada, Roy and Persky, Joseph and Chaloupka, Frank J},
  title   = {Employment Impact of Sugar-Sweetened Beverage Taxes},
  journal = {American Journal of Public Health},
  year    = {2014},
  volume  = {104},
  number  = {4},
  pages   = {672-677},
  type    = {Journal Article},
}

@Article{Powell2009Foodpricesobesity,
  author  = {Powell, Lisa M and Chaloupka, Frank J},
  title   = {Food prices and obesity: evidence and policy implications for taxes and subsidies},
  journal = {Milbank Quarterly},
  year    = {2009},
  volume  = {87},
  number  = {1},
  pages   = {229-257},
  issn    = {1468-0009},
  type    = {Journal Article},
}

@Article{Powell2013Assessingpotentialeffectiveness,
  author  = {Powell, Lisa M and Chriqui, Jamie F and Khan, Tamkeen and Wada, Roy and Chaloupka, Frank J},
  title   = {Assessing the potential effectiveness of food and beverage taxes and subsidies for improving public health: A systematic review of prices, demand and body weight outcomes},
  journal = {Obesity Reviews},
  year    = {2013},
  volume  = {14},
  number  = {2},
  pages   = {110-128},
  issn    = {1467-789X},
  type    = {Journal Article},
}

@Article{Prochaska1997transtheoreticalmodelhealth,
  author  = {Prochaska, J. O. and Velicer, W. F.},
  title   = {The transtheoretical model of health behavior change},
  journal = {Am J Health Promot},
  year    = {1997},
  volume  = {12},
  doi     = {10.4278/0890-1171-12.1.38},
  type    = {Journal Article},
  url     = {http://dx.doi.org/10.4278/0890-1171-12.1.38},
}

@Misc{Commission2010ChildhoodObesityEconomic,
  author = {{Productivity Commission}},
  title  = {Childhood Obesity: An Economic Perspective},
  year   = {2010},
  type   = {Generic},
}

@Article{Puska2002Successfulpreventionnon,
  author  = {Puska, Pekka},
  title   = {Successful prevention of non-communicable diseases: 25 year experiences with North Karelia Project in Finland},
  journal = {Public Health Medicine},
  year    = {2002},
  volume  = {4},
  number  = {1},
  pages   = {5-7},
  type    = {Journal Article},
}

@TechReport{PwC2015Weighingcostobesity,
  author = {PwC},
  title  = {Weighing the cost of obesity - a case for action},
  year   = {2015},
  type   = {Report},
  url    = {www.pwc.com.au/obesity},
}

@Article{Raben2002Sucrosecomparedartificial,
  author  = {Raben, Anne and Vasilaras, Tatjana H and M{\o}ller, A Christina and Astrup, Arne},
  title   = {Sucrose compared with artificial sweeteners: different effects on ad libitum food intake and body weight after 10 wk of supplementation in overweight subjects},
  journal = {The American Journal of Clinical Nutrition},
  year    = {2002},
  volume  = {76},
  number  = {4},
  pages   = {721-729},
  issn    = {0002-9165},
  type    = {Journal Article},
}

@Article{Rankinen1999predictionabdominalvisceral,
  author  = {Rankinen, T and Kim, SY and Perusse, L and Despres, JP and Bouchard, C},
  title   = {The prediction of abdominal visceral fat level from body composition and anthropometry: ROC analysis},
  journal = {International Journal of Obesity},
  year    = {1999},
  volume  = {23},
  number  = {8},
  pages   = {801-809},
  issn    = {0307-0565},
  type    = {Journal Article},
}

@Article{Reichert2015Obesityweightloss,
  author  = {Reichert, Arndt R},
  title   = {Obesity, weight loss, and employment prospects: evidence from a randomized trial},
  journal = {Journal of Human Resources},
  year    = {2015},
  volume  = {50},
  number  = {3},
  pages   = {759-810},
  issn    = {0022-166X},
  type    = {Journal Article},
}

@Article{Reid1999Correlationwristactivity,
  author  = {Reid, K. and Dawson, D.},
  title   = {Correlation between wrist activity monitor and electrophysiological measures of sleep in a simulated shiftwork environment for younger and older subjects},
  journal = {Sleep},
  year    = {1999},
  volume  = {22},
  type    = {Journal Article},
}

@Article{Reilly2003Healthconsequencesobesity,
  author  = {Reilly, John J and Methven, E and McDowell, Zoe C and Hacking, Belinda and Alexander, D and Stewart, Laura and Kelnar, Christopher JH},
  title   = {Health consequences of obesity},
  journal = {Archives of Disease in Childhood},
  year    = {2003},
  volume  = {88},
  number  = {9},
  pages   = {748-752},
  issn    = {1468-2044},
  type    = {Journal Article},
}

@Unpublished{SouthAfricaNationalTreasury2016TaxationSugarSweetened,
  author = {{National Treasury of the Republic of South Africa}},
  title  = {Taxation of Sugar Sweetened Beverages},
  year   = {2016},
  type   = {Unpublished Work},
  url    = {http://www.treasury.gov.za/public%20comments/Sugar%20sweetened%20beverages/POLICY%20PAPER%20AND%20PROPOSALS%20ON%20THE%20TAXATION%20OF%20SUGAR%20SWEETENED%20BEVERAGES-8%20JULY%202016.pdf},
}

@Article{Restrepo2014Calorielabelingchain,
  author = {Restrepo, Brandon},
  title  = {Calorie labeling in chain restaurants and body weight: evidence from New York},
  year   = {2014},
  issn   = {1830-7728},
  type   = {Journal Article},
  institution = {European University Institute: Max Weber Programme},
}

@TechReport{Media2015RetailWorldAnnual,
  author = {{Retail Media}},
  title  = {Retail World Annual Report 2015},
  year   = {2015},
  type   = {Report},
  url    = {https://retailmedia.com.au/product/retail-world-annual-report-2015/},
}

@Misc{rethinksugarydrink2016Howmuchsugar,
  author = {{Rethink Sugary Drink}},
  title  = {How much sugar is in ...?},
  year   = {2016},
  type   = {Web Page},
  url    = {http://www.rethinksugarydrink.org.au/how-much-sugar},
}

@Article{Richardson1994Optimumalcoholtaxation,
  author  = {Richardson, Jeffrey and Crowley, Steven},
  title   = {Optimum alcohol taxation: balancing consumption and external costs},
  journal = {Health Economics},
  year    = {1994},
  volume  = {3},
  number  = {2},
  pages   = {73-87},
  issn    = {1099-1050},
  type    = {Journal Article},
}

@Article{Roberto2012Factsfrontversus,
  author  = {Roberto, Christina A and Bragg, Marie A and Schwartz, Marlene B and Seamans, Marissa J and Musicus, Aviva and Novak, Nicole and Brownell, Kelly D},
  title   = {Facts up front versus traffic light food labels: A randomized controlled trial},
  journal = {American Journal of Preventive Medicine},
  year    = {2012},
  volume  = {43},
  number  = {2},
  pages   = {134-141},
  issn    = {0749-3797},
  type    = {Journal Article},
}

@Article{Roberto2015Patchyprogressobesity,
  author  = {Roberto, Christina A and Swinburn, Boyd and Hawkes, Corinna and Huang, Terry TK and Costa, Sergio A and Ashe, Marice and Zwicker, Lindsey and Cawley, John H and Brownell, Kelly D},
  title   = {Patchy progress on obesity prevention: emerging examples, entrenched barriers, and new thinking},
  journal = {The Lancet},
  year    = {2015},
  volume  = {385},
  number  = {9985},
  pages   = {2400-2409},
  issn    = {0140-6736},
  type    = {Journal Article},
}

@Article{Rollnick2010Motivationalinterviewing,
  author  = {Rollnick, S. and Butler, C. C. and Kinnersley, P. and Gregory, J. and Mash, B.},
  title   = {Motivational interviewing},
  journal = {British Medical Journal},
  year    = {2010},
  volume  = {340},
  doi     = {10.1136/bmj.c1900},
  type    = {Journal Article},
  url     = {http://dx.doi.org/10.1136/bmj.c1900},
}

@Article{Rooth2009Obesityattractivenessdifferential,
  author  = {Rooth, Dan-Olof},
  title   = {Obesity, attractiveness, and differential treatment in hiring a field experiment},
  journal = {Journal of Human Resources},
  year    = {2009},
  volume  = {44},
  number  = {3},
  pages   = {710-735},
  issn    = {0022-166X},
  type    = {Journal Article},
}

@Article{Rothman2008BMIrelatederrors,
  author  = {Rothman, Kenneth J},
  title   = {BMI-related errors in the measurement of obesity},
  journal = {International Journal of Obesity},
  year    = {2008},
  volume  = {32},
  pages   = {S56-S59},
  issn    = {0307-0565},
  type    = {Journal Article},
}

@Article{Rueda-Clausen2015Healthbenefitslong,
  author  = {Rueda-Clausen, Christian F and Ogunleye, Ayodele A and Sharma, Arya M},
  title   = {Health benefits of long-term weight-loss maintenance},
  journal = {Annual Review of Nutrition},
  year    = {2015},
  volume  = {35},
  pages   = {475-516},
  issn    = {0199-9885},
  type    = {Journal Article},
}

@Article{Ruhm2012Understandingovereatingobesity,
  author  = {Ruhm, Christopher J},
  title   = {Understanding overeating and obesity},
  journal = {Journal of Health Economics},
  year    = {2012},
  volume  = {31},
  number  = {6},
  pages   = {781-796},
  issn    = {0167-6296},
  type    = {Journal Article},
}

@Misc{Sacks2011Statesshouldstand,
  author    = {Sacks, Gary},
  title     = {States should stand up to the food industry on traffic light labelling},
  month     = {1 December 2011},
  year      = {2011},
  publisher = {The Conversation},
  type      = {Web Page},
  url       = {https://theconversation.com/states-should-stand-up-to-the-food-industry-on-traffic-light-labelling-4504},
}

@Article{Sacks2011Trafficlightnutritionlabelling,
  author  = {Sacks, Gary and Veerman, J Lennert and Moodie, Marj and Swinburn, Boyd},
  title   = {`Traffic-light' nutrition labelling and `junk-food' tax: A modelled comparison of cost-effectiveness for obesity prevention},
  journal = {International Journal of Obesity},
  year    = {2011},
  volume  = {35},
  number  = {7},
  pages   = {1001-1009},
  issn    = {0307-0565},
  type    = {Journal Article},
}

@Article{Sadeh2004briefscreeningquestionnaire,
  author  = {Sadeh, A.},
  title   = {A brief screening questionnaire for infant sleep problems: validation and findings for an Internet sample},
  journal = {Pediatrics},
  year    = {2004},
  volume  = {113},
  doi     = {10.1542/peds.113.6.e570},
  type    = {Journal Article},
  url     = {http://dx.doi.org/10.1542/peds.113.6.e570},
}

@Article{Sadeh1995roleactigraphyevaluation,
  author  = {Sadeh, A. and Hauri, P. J. and Kripke, D. F. and Lavie, P.},
  title   = {The role of actigraphy in the evaluation of sleep disorders},
  journal = {Sleep},
  year    = {1995},
  volume  = {18},
  type    = {Journal Article},
}

@Article{Sassi2016Taxingsugar,
  author  = {Sassi, Franco},
  title   = {Taxing sugar},
  journal = {British Medical Journal},
  year    = {2016},
  volume  = {352},
  pages   = {h6904},
  issn    = {1756-1833},
  type    = {Journal Article},
}

@Article{Sassi2013rolefiscalpolicies,
  author  = {Sassi, Franco and Belloni, Annalisa and Capobianco, Chiara},
  title   = {The role of fiscal policies in health promotion},
  journal = {OECD Health Working Papers,},
  year    = {2013},
  volume  = {No. 66, OECD Publishing.},
  issn    = {1815-2015},
  type    = {Journal Article},
}

@Article{Schmeiser2009Expandingwalletswaistlines,
  author  = {Schmeiser, Maximilian D},
  title   = {Expanding wallets and waistlines: The impact of family income on the BMI of women and men eligible for the earned income tax credit},
  journal = {Health Economics},
  year    = {2009},
  volume  = {18},
  number  = {11},
  pages   = {1277-1294},
  issn    = {1099-1050},
  type    = {Journal Article},
}

@Article{Schulte2015Currentconsiderationsregarding,
  author  = {Schulte, Erica M and Joyner, Michelle A and Potenza, Marc N and Grilo, Carlos M and Gearhardt, Ashley N},
  title   = {Current considerations regarding food addiction},
  journal = {Current Psychiatry Reports},
  year    = {2015},
  volume  = {17},
  number  = {4},
  pages   = {1-8},
  issn    = {1523-3812},
  type    = {Journal Article},
}

@TechReport{Scollo2016TobaccoAustraliaFacts,
  author      = {Scollo, MM and Winstanley, MH},
  title       = {Tobacco in Australia: Facts and issues.},
  institution = {Cancer Council Victoria},
  year        = {2016},
  type        = {Report},
  url         = {www.TobaccoInAustralia.org.au},
}

@Article{Sharma2014effectstaxingsugarsweetened,
  author  = {Sharma, Anurag and Hauck, Katharina and Hollingsworth, Bruce and Siciliani, Luigi},
  title   = {The effects of taxing sugar-sweetened beverages across different income groups},
  journal = {Health Economics},
  year    = {2014},
  volume  = {23},
  number  = {9},
  pages   = {1159-1184},
  issn    = {1099-1050},
  type    = {Journal Article},
}

@Misc{Silver2015IdBuyEmerging,
  author    = {Silver, Marc},
  title     = {I'd Like To Buy The Emerging World A Coke},
  year      = {2015},
  publisher = {NPR},
  type      = {Web Page},
  url       = {http://www.npr.org/sections/goatsandsoda/2015/05/20/408027045/id-like-to-buy-the-emerging-world-a-coke},
}

@Article{Slomko2012Minireviewepigeneticsobesity,
  author  = {Slomko, Howard and Heo, Hye J and Einstein, Francine H},
  title   = {Minireview: epigenetics of obesity and diabetes in humans},
  journal = {Endocrinology},
  year    = {2012},
  volume  = {153},
  number  = {3},
  pages   = {1025-1030},
  issn    = {0013-7227},
  type    = {Journal Article},
}

@TechReport{Smith2016SoftDrinksLevy,
  author      = {Smith, Kate},
  title       = {The Soft Drinks Levy},
  institution = {Institute for Fiscal Studies},
  year        = {2016},
  type        = {Report},
  url         = {https://www.ifs.org.uk/uploads/budgets/budget2016/budget2016_ks.pdf},
}

@Article{Smith2010Taxingcaloricsweetened,
  author  = {Smith, Travis A and Lin, Biing-Hwan and Lee, Jong-Ying},
  title   = {Taxing caloric sweetened beverages: potential effects on beverage consumption, calorie intake, and obesity},
  journal = {USDA-ERS Economic Research Report},
  year    = {2010},
  number  = {100},
  type    = {Journal Article},
}

@Article{Snell2007Sleepbodymass,
  author  = {Snell, E. K. and Adam, E. K. and Duncan, G. J.},
  title   = {Sleep and the body mass index and overweight status of children and adolescents},
  journal = {Child Development},
  year    = {2007},
  volume  = {78},
  doi     = {10.1111/j.1467-8624.2007.00999.x},
  type    = {Journal Article},
  url     = {http://dx.doi.org/10.1111/j.1467-8624.2007.00999.x},
}

@Article{So2007useactigraphyassessment,
  author  = {So, K. and Adamson, T. M. and Home, R. S.},
  title   = {The use of actigraphy for assessment of the development of sleep/wake patterns in infants during the first 12 months of life},
  journal = {Journal of Sleep Research},
  year    = {2007},
  volume  = {16},
  doi     = {10.1111/j.1365-2869.2007.00582.x},
  type    = {Journal Article},
  url     = {http://dx.doi.org/10.1111/j.1365-2869.2007.00582.x},
}

@TechReport{Soares2016Puttingtaxesdiet,
  author    = {Soares, Andr{\'e}ia Azevedo},
  title     = {Putting taxes into the diet equation},
  year      = {2016},
  number    = {94},
  pages     = {239-240},
  institution = {{World Health Organisation}},
}

@Article{Sobko2011randomisedcontrolledtrial,
  author   = {Sobko, Tanja and Svensson, Viktoria and Ek, Anna and Ekstedt, Mirjam and Karlsson, H{\aa}kan and Johansson, Elin and Cao, Yingting and Hagstr{\"o}mer, Maria and Marcus, Claude},
  title    = {A randomised controlled trial for overweight and obese parents to prevent childhood obesity - Early STOPP (STockholm Obesity Prevention Program)},
  journal  = {BioMed Central Public Health},
  year     = {2011},
  volume   = {11},
  number   = {1},
  pages    = {1-8},
  issn     = {1471-2458},
  type     = {Journal Article},
  url      = {http://dx.doi.org/10.1186/1471-2458-11-336},
}

@Misc{Steinmetz2014BigSodaFights,
  author = {Steinmetz, Katy},
  title  = {Big Soda Fights Bay Area Tax Proposals},
  year   = {2014},
  type   = {Web Page},
  url    = {http://time.com/3552008/soda-tax-san-francisco-berkeley/},
}

@TechReport{Stiglitz1991invisiblehandmodern,
  author      = {Stiglitz, Joseph E},
  title       = {The invisible hand and modern welfare economics},
  institution = {National Bureau of Economic Research},
  year        = {1991},
  type        = {Report},
}

@Article{Stoner2014DidAmericanMedical,
  author  = {Stoner, Lee and Cornwall, Jon},
  title   = {Did the American Medical Association make the correct decision classifying obesity as a disease?},
  journal = {The Australasian Medical Journal},
  year    = {2014},
  volume  = {7},
  number  = {11},
  pages   = {462-464},
  type    = {Journal Article},
}

@Article{Stoner2014DidAmericanMedicala,
  author  = {Stoner, Lee and Cornwall, Jon},
  title   = {Did the American Medical Association make the correct decision classifying obesity as a disease?},
  journal = {The Australasian Medical Journal},
  year    = {2014},
  volume  = {7},
  number  = {11},
  pages   = {462},
  type    = {Journal Article},
}

@Article{St-Onge2004Addedthermogenicsatiety,
  author  = {St-Onge, MP and Rubiano, F and DeNino, WF and Jones Jr, A and Greenfield, D and Ferguson, PW and Akrabawi, S and Heymsfield, SB},
  title   = {Added thermogenic and satiety effects of a mixed nutrient vs a sugar-only beverage},
  journal = {International Journal of Obesity},
  year    = {2004},
  volume  = {28},
  number  = {2},
  pages   = {248-253},
  issn    = {0307-0565},
  type    = {Journal Article},
}

@Article{Stookey2007Replacingsweetenedcaloric,
  author  = {Stookey, Jodi D and Constant, Florence and Gardner, Christopher D and Popkin, Barry M},
  title   = {Replacing sweetened caloric beverages with drinking water is associated with lower energy intake},
  journal = {Obesity},
  year    = {2007},
  volume  = {15},
  number  = {12},
  pages   = {3013-3022},
  issn    = {1930-739X},
  type    = {Journal Article},
}

@Article{Stubbs2004obesityepidemicboth,
  author  = {Stubbs, Christina O and Lee, Amanda J},
  title   = {The obesity epidemic: both energy intake and physical activity contribute},
  journal = {Medical Journal of Australia},
  year    = {2004},
  volume  = {181},
  number  = {9},
  pages   = {489-491},
  issn    = {0025-729X},
  type    = {Journal Article},
}

@Article{Stunkard1999Energyintakenot,
  author  = {Stunkard, Albert J and Berkowitz, Robert I and Stallings, Virginia A and Schoeller, Dale A},
  title   = {Energy intake, not energy output, is a determinant of body size in infants},
  journal = {The American Journal of Clinical Nutrition},
  year    = {1999},
  volume  = {69},
  number  = {3},
  pages   = {524-530},
  issn    = {0002-9165},
  type    = {Journal Article},
}

@Article{Stutzer2015LimitedSelfcontrolObesity,
  author  = {Stutzer, Alois and Meier, Armando N},
  title   = {Limited Self-control, Obesity, and the Loss of Happiness},
  journal = {Health Economics},
  year    = {2015},
  issn    = {1099-1050},
  type    = {Journal Article},
}

@Article{Summerbell2005Interventionspreventingobesity,
  author  = {Summerbell, Carolyn D and Waters, Elizabeth and Edmunds, LD and Kelly, Sarah and Brown, Tamara and Campbell, Karen J},
  title   = {Interventions for Preventing Obesity in Children},
  journal = {The Cochrane Database of Systematic Reviews},
  year    = {2005},
  volume  = {3},
  number  = {3},
  type    = {Journal Article},
}

@TechReport{Sunley1998DesignAdministrationAlcohol,
  author      = {Sunley, Emil M},
  title       = {The Design and Administration of Alcohol, Tobacco, and Petroleum Excises: A Guide for Developing and Transition Countries},
  institution = {International Monetary Fund},
  address     = {Washington DC},
  year        = {1998},
  type        = {Report},
}

@InBook{Svensson2010Associationsseverityobesity,
  title     = {Associations between severity of obesity in childhood and adolescence, obesity onset and parental BMI: A longitudinal cohort study},
  year      = {2010},
  author    = {Svensson, V. and Jacobsson, J. A. and Fredriksson, R. and Danielsson, P. and Sobko, T. and Schioth, H. B. and Marcus, C.},
  type      = {Book Section},
  booktitle = {International Journal of Obesity},
}

@Article{Swinburn2013Progressobesityprevention,
  author  = {Swinburn, Boyd and Wood, A},
  title   = {Progress on obesity prevention over 20 years in Australia and New Zealand},
  journal = {Obesity Reviews},
  year    = {2013},
  volume  = {14},
  number  = {S2},
  pages   = {60-68},
  issn    = {1467-789X},
  type    = {Journal Article},
}

@Article{Swinburn2004Dietnutritionprevention,
  author  = {Swinburn, Boyd and Caterson, Ian and Seidell, Jaap C and James, WPT},
  title   = {Diet, nutrition and the prevention of excess weight gain and obesity},
  journal = {Public Health Nutrition},
  year    = {2004},
  volume  = {7},
  number  = {1a},
  pages   = {123-146},
  issn    = {1475-2727},
  type    = {Journal Article},
}

@Article{Swinburn2006Estimatingeffectsenergy,
  author  = {Swinburn, Boyd and Jolley, Damien and Kremer, Peter J and Salbe, Arline D and Ravussin, Eric},
  title   = {Estimating the effects of energy imbalance on changes in body weight in children},
  journal = {The American Journal of Clinical Nutrition},
  year    = {2006},
  volume  = {83},
  number  = {4},
  pages   = {859-863},
  issn    = {0002-9165},
  type    = {Journal Article},
}

@Article{Swithers2013Artificialsweetenersproduce,
  author  = {Swithers, Susan E},
  title   = {Artificial sweeteners produce the counterintuitive effect of inducing metabolic derangements},
  journal = {Trends in Endocrinology and Metabolism},
  year    = {2013},
  volume  = {24},
  number  = {9},
  pages   = {431-441},
  issn    = {1043-2760},
  type    = {Journal Article},
}


@Article{Tal2015appledaybrings,
  author  = {Tal, Aner and Wansink, Brian},
  title   = {An apple a day brings more apples your way: Healthy samples prime healthier choices},
  journal = {Psychology \& Marketing},
  year    = {2015},
  volume  = {32},
  number  = {5},
  pages   = {575-584},
  issn    = {1520-6793},
  type    = {Journal Article},
}

@Article{Tam2006Softdrinkconsumption,
  author  = {Tam, Charmaine S and Garnett, Sarah P and Cowell, Chris T and Campbell, Karen and Cabrera, G and Baur, Louise A},
  title   = {Soft drink consumption and excess weight gain in Australian school students: results from the Nepean study},
  journal = {International Journal of Obesity},
  year    = {2006},
  volume  = {30},
  number  = {7},
  pages   = {1091-1093},
  issn    = {0307-0565},
  type    = {Journal Article},
}

@Article{Tataranni2003Bodyweightgain,
  author  = {Tataranni, PA and Harper, IT and Snitker, S and Del Parigi, A and Vozarova, B and Bunt, J and Bogardus, C and Ravussin, E},
  title   = {Body weight gain in free-living Pima Indians: effect of energy intake vs expenditure},
  journal = {International Journal of Obesity},
  year    = {2003},
  volume  = {27},
  number  = {12},
  pages   = {1578-1583},
  issn    = {0307-0565},
  type    = {Journal Article},
}

@Article{Taveras2008Shortsleepduration,
  author  = {Taveras, E. M. and Rifas-Shiman, S. L. and Oken, E. and Gunderson, E. P. and Gillman, M. W.},
  title   = {Short sleep duration in infancy and risk of childhood overweight},
  journal = {The Archives of Pediatrics and Adolescent Medicin},
  year    = {2008},
  volume  = {162},
  doi     = {10.1001/archpedi.162.4.305},
  type    = {Journal Article},
  url     = {http://dx.doi.org/10.1001/archpedi.162.4.305},
}

@Article{TeMorenga2013Dietarysugarsbody,
  author = {Te Morenga, Lisa and Mallard, Simonette and Mann, Jim},
  title  = {Dietary sugars and body weight: systematic review and meta-analyses of randomised controlled trials and cohort studies},
  journal= {British Medical Journal},
  year   = {2013},
  issn   = {1756-1833},
  type   = {Journal Article},
}

@Article{Temple2011Influencesimplifiednutrition,
  author  = {Temple, Jennifer L and Johnson, Karena M and Archer, Kelli and LaCarte, Allison and Yi, Christina and Epstein, Leonard H},
  title   = {Influence of simplified nutrition labeling and taxation on laboratory energy intake in adults},
  journal = {Appetite},
  year    = {2011},
  volume  = {57},
  number  = {1},
  pages   = {184-192},
  issn    = {0195-6663},
  type    = {Journal Article},
}

@TechReport{Taskforce2003HealthyWeight2008,
  author      = {The National Obesity Taskforce},
  title       = {Healthy Weight 2008: Australia's Future, the national action agenda for children and young people and their families},
  institution = {{Department of Health and Ageing (Cth)}},
  year        = {2003},
  type        = {Report},
  url         = {http://www.healthyactive.gov.au/internet/healthyactive/publishing.nsf/Content/healthy_weight08.pdf/$File/healthy_weight08.pdf},
}

@TechReport{Taskforce2008HealthyWeightAdults,
  author      = {The National Obesity Taskforce},
  title       = {Healthy Weight for Adults and Older Australians},
  institution = {{Department of Health and Ageing (Cth)}},
  year        = {2008},
  type        = {Report},
  url         = {http://www.healthyactive.gov.au/internet/healthyactive/publishing.nsf/Content/healthy_weight06_10.pdf/$File/healthy_weight06_10.pdf},
}

@Misc{Treasury2016201617BudgetBudget,
  author = {{The Treasury (Cth)}},
  title  = {2016/17 Budget, Budget Paper No. 1},
  year   = {2016},
  type   = {Government Document},
}

@Article{Thompson1994Dietaryassessmentresource,
  author  = {Thompson, F. E. and Byers, T.},
  title   = {Dietary assessment resource manual},
  journal = {Journal of Nutrition},
  year    = {1994},
  volume  = {124},
  type    = {Journal Article},
}

@Article{Thow2014systematicrevieweffectiveness,
  author  = {Thow, Anne Marie and Downs, Shauna and Jan, Stephen},
  title   = {A systematic review of the effectiveness of food taxes and subsidies to improve diets: understanding the recent evidence},
  journal = {Nutrition Reviews},
  year    = {2014},
  volume  = {72},
  number  = {9},
  pages   = {551-565},
  issn    = {0029-6643},
  type    = {Journal Article},
}

@Article{Thow2010effectfiscalpolicy,
  author  = {Thow, Anne Marie and Jan, Stephen and Leeder, Stephen and Swinburn, Boyd},
  title   = {The effect of fiscal policy on diet, obesity and chronic disease: A systematic review},
  journal = {Bulletin of the World Health Organization},
  year    = {2010},
  volume  = {88},
  number  = {8},
  pages   = {609-614},
  issn    = {0042-9686},
  type    = {Journal Article},
}

@Article{Thow2011Taxingsoftdrinks,
  author  = {Thow, Anne Marie and Quested, Christine and Juventin, Lisa and Kun, Russ and Khan, A Nisha and Swinburn, Boyd},
  title   = {Taxing soft drinks in the Pacific: implementation lessons for improving health},
  journal = {Health Promotion International},
  year    = {2011},
  volume  = {26},
  number  = {1},
  pages   = {55-64},
  issn    = {0957-4824},
  type    = {Journal Article},
}

@Techreport{Thurber2014OverweightobesityIndigenous,
  author  = {Thurber, Katie and Boxall, Anne-Marie and Partel, Krister},
  title   = {Overweight and obesity among Indigenous children: Individual and social determinants},
  institution = {Deeble Institute},
  address = {Canberra},
  year    = {2014},
  type    = {Journal Article},
}

@Article{Tiffin2011publichealthimpacts,
  author  = {Tiffin, Richard and Arnoult, Matthieu},
  title   = {The public health impacts of a fat tax},
  journal = {European Journal of Clinical Nutrition},
  year    = {2011},
  volume  = {65},
  number  = {4},
  pages   = {427-433},
  issn    = {0954-3007},
  type    = {Journal Article},
}

@Article{Trost2000Usingobjectivephysical,
  author  = {Trost, S. G. and Pate, R. R. and Freedson, P. S. and Sallis, J. F. and Taylor, W. C.},
  title   = {Using objective physical activity measures with youth: how many days of monitoring are needed?},
  journal = {Medicine and Science in Sports and Exercise},
  year    = {2000},
  volume  = {32},
  doi     = {10.1097/00005768-200002000-00025},
  type    = {Journal Article},
  url     = {http://dx.doi.org/10.1097/00005768-200002000-00025},
}

@Article{Turnbaugh2006obesityassociatedgut,
  author  = {Turnbaugh, P. J. and Ley, R. E. and Mahowald, M. A. and Magrini, V. and Mardis, E. R. and Gordon, J. I.},
  title   = {An obesity-associated gut microbiome with increased capacity for energy harvest},
  journal = {Nature},
  year    = {2006},
  volume  = {444},
  doi     = {10.1038/nature05414},
  type    = {Journal Article},
  url     = {http://dx.doi.org/10.1038/nature05414},
}

@Article{Turner2010ChildhoodObesityEconomic,
  author = {Turner, Erin and Crowle, Jacqueline},
  title  = {Childhood Obesity: An Economic Perspective},
  year   = {2010},
  type   = {Journal Article},
}

@Misc{Turner2014Afterthreeyear,
  author    = {Turner, Kyle and Allender, Steven},
  title     = {After three-year saga, health star rating labels finally ready to go},
  month     = {27 June 2014},
  year      = {2014},
  publisher = {The Conversation},
  type      = {Web Page},
  url       = {https://theconversation.com/after-three-year-saga-health-star-rating-labels-finally-ready-to-go-25794},
}

@TechReport{Agriculture2016SugarWorldMarkets,
  author = {{United States Department of Agriculture}},
  title  = {Sugar: World Markets and Trade},
  year   = {2016},
  type   = {Report},
  url    = {https://www.fas.usda.gov/data/sugar-world-markets-and-trade},
}

@TechReport{Agriculture2010DietaryGuidelinesAmericans,
  author = {{United States Department of Agriculture and United States Department of Health and Human Services}},
  title  = {Dietary Guidelines for Americans, 2010, 7th Edition},
  year   = {2010},
  type   = {Report},
  url    = {https://health.gov/dietaryguidelines/dga2010/dietaryguidelines2010.pdf},
}

@Misc{Team2016Sugarlevyworking,
  author = {{United Kingdom Behavioural Insights Team}},
  title  = {The soft drinks levy is working even before it has been applied},
  year   = {2016},
  type   = {Web Page},
  url    = {http://us11.campaign-archive1.com/?u=8cdb18d899017fd1ee9804a22&id=5aa9d5675c},
}

@Misc{Team2016Sugartaxhow,
  author = {{United Kingdom Behavioural Insights Team}},
  title  = {Sugar tax: how will it affect behaviour?},
  year   = {2016},
  type   = {Web Page},
  url    = {http://www.behaviouralinsights.co.uk/health/behaviour-change-and-the-new-sugar-tax/},
}

@Article{Ul-Haq2013Metaanalysisassociation,
  author  = {Ul-Haq, Zia and Mackay, Daniel F and Fenwick, Elisabeth and Pell, Jill P},
  title   = {Meta-analysis of the association between body mass index and health-related quality of life among children and adolescents, assessed using the pediatric quality of life inventory index},
  journal = {The Journal of Pediatrics},
  year    = {2013},
  volume  = {162},
  number  = {2},
  pages   = {280-286. e1},
  issn    = {0022-3476},
  type    = {Journal Article},
}

@Article{Vartanian2007Effectssoftdrink,
  author  = {Vartanian, Lenny R and Schwartz, Marlene B and Brownell, Kelly D},
  title   = {Effects of soft drink consumption on nutrition and health: A systematic review and meta-analysis},
  journal = {American Journal of Public Health},
  year    = {2007},
  volume  = {97},
  number  = {4},
  pages   = {667-675},
  issn    = {0090-0036},
  type    = {Journal Article},
}

@Article{Veerman2016ImpactTaxSugar,
  author  = {Veerman, J Lennert and Sacks, Gary and Antonopoulos, Nicole and Martin, Jane},
  title   = {RF},
  journal = {PloS one},
  year    = {2016},
  volume  = {11},
  number  = {4},
  pages   = {e0151460},
  issn    = {1932-6203},
  type    = {Journal Article},
}

@Article{Villanueva2011Europeannationslaunch,
  author  = {Villanueva, Tiago},
  title   = {European nations launch tax attack on unhealthy foods},
  journal = {Canadian Medical Association Journal},
  year    = {2011},
  volume  = {183},
  number  = {17},
  pages   = {E1229-E1230},
  issn    = {0820-3946},
  type    = {Journal Article},
}

@PhdThesis{Vos2010Assessingcosteffectiveness,
  author     = {Vos, Theo and Carter, Rob and Barendregt, Jan and Mihalopoulos, Cathrine and Veerman, Lennert and Magnus, Anne and Cobiac, Linda and Bertram, Melanie and Wallace, Angela},
  title      = {Assessing cost-effectiveness in prevention: ACE-prevention September 2010 final report},
  year       = {2010},
  type       = {Thesis},
  university = {University of Queensland},
}

@Article{Walls2012Projectedprogressionprevalence,
  author  = {Walls, Helen L and Magliano, Dianna J and Stevenson, Christopher E and Backholer, Kathryn and Mannan, Haider R and Shaw, Jonathan E and Peeters, Anna},
  title   = {Projected progression of the prevalence of obesity in Australia},
  journal = {Obesity},
  year    = {2012},
  volume  = {20},
  number  = {4},
  pages   = {872-878},
  issn    = {1930-739X},
  type    = {Journal Article},
}

@Article{Wansink2014cokecoorsfield,
  author = {Wansink, Brian and Hanks, Andrew S and Cawley, John and Just, David R},
  title  = {From coke to coors: A field study of a fat tax and its unintended consequences},
  year   = {2014},
  type   = {Journal Article},
  url    = {http://conscienhealth.org/wp-content/uploads/2014/05/ssrn-id2079840.pdf},
}

@Article{Wardle2002Parentalfeedingstyle,
  author  = {Wardle, J. and Sanderson, S. and Guthrie, C. A. and Rapoport, L. and Plomin, R.},
  title   = {Parental feeding style and the inter-generational transmission of obesity risk},
  journal = {Obesity Research},
  year    = {2002},
  volume  = {10},
  doi     = {10.1038/oby.2002.63},
  type    = {Journal Article},
  url     = {http://dx.doi.org/10.1038/oby.2002.63},
}

@Article{Waters2011Interventionspreventingobesity,
  author  = {Waters, Elizabeth and de Silva-Sanigorski, Andrea and Hall, Belinda J and Brown, Tamara and Campbell, Karen J and Gao, Yang and Armstrong, Rebecca and Prosser, Lauren and Summerbell, Carolyn D},
  title   = {Interventions for preventing obesity in children},
  journal = {The Cochrane Database of Systematic Reviews},
  year    = {2011},
  volume  = {12},
  type    = {Journal Article},
}

@Article{Watson2016Sponsorshipjuniorsport,
  author  = {Watson, Wendy L and Brunner, Rebecca and Wellard, Lyndal and Hughes, Clare},
  title   = {Sponsorship of junior sport development programs in Australia},
  journal = {Australian and New Zealand Journal of Public Health},
  year    = {2016},
  volume  = {40},
  number  = {4},
  pages   = {326-328},
  issn    = {1753-6405},
  type    = {Journal Article},
}

@Article{Watson2013Howwelldo,
  author  = {Watson, Wendy L and Chapman, Kathy and King, Lesley and Kelly, Bridget and Hughes, Clare and Louie, Jimmy Chun Yu and Crawford, Jennifer and Gill, Timothy P},
  title   = {How well do Australian shoppers understand energy terms on food labels?},
  journal = {Public Health Nutrition},
  year    = {2013},
  volume  = {16},
  number  = {03},
  pages   = {409-417},
  issn    = {1475-2727},
  type    = {Journal Article},
}

@Article{Watson2014Canfrontpack,
  author  = {Watson, Wendy L and Kelly, Bridget and Hector, Debra and Hughes, Clare and King, Lesley and Crawford, Jennifer and Sergeant, John and Chapman, Kathy},
  title   = {Can front-of-pack labelling schemes guide healthier food choices? Australian shoppers' responses to seven labelling formats},
  journal = {Appetite},
  year    = {2014},
  volume  = {72},
  pages   = {90-97},
  issn    = {0195-6663},
  type    = {Journal Article},
}

@Article{Wetter2016TaxingSugarSweetened,
  author  = {Wetter, Sarah A and Hodge, James G},
  title   = {Taxing Sugar-Sweetened Beverages to Lower Childhood Obesity Public Health and the Law},
  journal = {The Journal of Law, Medicine and Ethics},
  year    = {2016},
  volume  = {44},
  number  = {2},
  pages   = {359-363},
  issn    = {1073-1105},
  type    = {Journal Article},
}

@Article{Weyl2013Passaseconomic,
  author  = {Weyl, E Glen and Fabinger, Michal},
  title   = {Pass-through as an economic tool: Principles of incidence under imperfect competition},
  journal = {Journal of Political Economy},
  year    = {2013},
  volume  = {121},
  number  = {3},
  pages   = {528-583},
  type    = {Journal Article},
}

@Article{Wikland2016,
  author  = {Wiklund, Petri},
  title   = {The role of physical activity and exercise in obesity and weight management: Time for critical appraisal},
  journal = {Journal of Sport and Health Science},
  year    = {2016},
  volume  = {5},
  number  = {2},
  pages   = {151–154},
  type    = {Journal Article},
}

@Article{Willett2002Dietaryfatis,
  author  = {Willett, Walter C and Leibel, Rudolph L},
  title   = {Dietary fat is not a major determinant of body fat},
  journal = {The American Journal of Medicine},
  year    = {2002},
  volume  = {113},
  number  = {9},
  pages   = {47-59},
  issn    = {0002-9343},
  type    = {Journal Article},
}

@Article{Woodward-Lopez2010whatextenthave,
  author  = {Woodward-Lopez, Gail and Kao, Janice and Ritchie, Lorrene},
  title   = {To what extent have sweetened beverages contributed to the obesity epidemic?},
  journal = {Public Health Nutrition},
  year    = {2010},
  volume  = {14},
  number  = {03},
  pages   = {499-509},
  issn    = {1475-2727},
  type    = {Journal Article},
}

@TechReport{Research2007EvaluationNationalGo,
  author = {{Woolcott Research}},
  title  = {Evaluation of the National Go for 2 \& 5 Campaign, Prepared for: Australian Government Department of Health and Ageing},
  year   = {2007},
  type   = {Report},
  url    = {http://www.healthyactive.gov.au/internet/healthyactive/publishing.nsf/Content/025D9EB302CAEC0ECA2572DC0017DEC8/$File/2&5-eval-jan07.pdf},
}

@TechReport{Organisation2000Obesitypreventingmanaging,
  author      = {{World Health Organisation}},
  title       = {Obesity: preventing and managing the global epidemic},
  institution = {World Health Organisation},
  year        = {2000},
  type        = {Report},
  url         = {whqlibdoc.who.int/trs/WHO_TRS_894.pdf},
}

@TechReport{Organisation2015Sugarsintakeadults,
  author = {{World Health Organisation}},
  title  = {Sugars intake for adults and children},
  year   = {2015},
  type   = {Report},
}

@TechReport{Organisation2015Usingpricepolicies,
  author      = {{World Health Organisation}},
  title       = {Using price policies to promote healthier diets},
  institution = {WHO Regional Office for Europe},
  year        = {2015},
  type        = {Report},
}

@TechReport{Organisation2000Dietnutritionprevention,
  author      = {{World Health Organisation and Food and Agriculture Organisation of the United Nations}},
  title       = {Diet, nutrition and the prevention of excess weight gain and obesity},
  institution = {{World Health Organisation}},
  year        = {2000},
  type        = {Report},
}

@Misc{Organization2013GlobalActionPlan,
  author = {{World Health Organisation}},
  title  = {Global Action Plan for the Prevention and Control of NCDs 2013-2020},
  year   = {2013},
  type   = {Generic},
}

@TechReport{Organization2016FiscalPoliciesDiet,
  author = {{World Health Organisation}},
  title  = {Fiscal Policies for Diet and Prevention of Noncommunicable Diseases: Technical Meeting Report 5-6 May 2015},
  year   = {2016},
  type   = {Report},
  number = {9241510064},
  url    = {http://apps.who.int/iris/bitstream/10665/250131/1/9789241511247-eng.pdf?ua=1},
}

@Misc{Organization2016ObesityoverweightFact,
  author = {{World Health Organisation}},
  title  = {Obesity and overweight - Fact sheet},
  year   = {2016},
  type   = {Web Page},
  url    = {http://www.who.int/mediacentre/factsheets/fs311/en/},
}

@TechReport{Organization2016Reportcommissionending,
  author = {{World Health Organisation}},
  title  = {Report of the commission on ending childhood obesity},
  year   = {2016},
  type   = {Report},
  number = {9241510064},
  url    = {http://apps.who.int/iris/bitstream/10665/204176/1/9789241510066_eng.pdf?ua=1},
}

@Misc{Organization2016Taxation,
  author = {{World Health Organisation}},
  title  = {Taxation},
  year   = {2016},
  type   = {Web Page},
  url    = {http://www.who.int/tobacco/economics/taxation/en/index1.html},
}

@Article{Wright2012Causesobesity,
  author  = {Wright, Suzanne M and Aronne, Louis J},
  title   = {Causes of Obesity},
  journal = {Abdominal imaging},
  year    = {2012},
  volume  = {37},
  number  = {5},
  pages   = {730-732},
  issn    = {0942-8925},
  type    = {Journal Article},
}

@Article{Yang2010Gainweightgoing,
  author  = {Yang, Qing},
  title   = {Gain weight by ``going diet?'' Artificial sweeteners and the neurobiology of sugar cravings},
  journal = {Yale Journal of Biological Medicine},
  year    = {2010},
  volume  = {83},
  number  = {2},
  pages   = {101-108},
  type    = {Journal Article},
}

@Misc{Yang2016child,
  author = {Yang and Sivey, Peter and de Silva, Andrea and Scott, Anthony},
  title  = {Preschool Children’s Demand for Sugar Sweetened Beverages: Evidence from Stated-Preference Panel Data},
  year   = {2016},
  publisher = {Melbourne Institute Working Paper Series
Working Paper No. 25/16},
  type   = {Web Page},
  url    = {http://www.melbourneinstitute.com/downloads/working_paper_series/wp2016n25.pdf},
}

@Article{Zhen2014Predictingeffectssugar,
  author  = {Zhen, Chen and Finkelstein, Eric A and Nonnemaker, James M and Karns, Shawn A and Todd, Jessica E},
  title   = {Predicting the effects of sugar-sweetened beverage taxes on food and beverage demand in a large demand system},
  journal = {American Journal of Agricultural Economics},
  year    = {2014},
  volume  = {96},
  number  = {1},
  pages   = {1-25},
  issn    = {0002-9092},
  type    = {Journal Article},
}

@Article{Zhen2010Habitformationdemand,
  author  = {Zhen, Chen and Wohlgenant, Michael K and Karns, Shawn and Kaufman, Phillip},
  title   = {Habit formation and demand for sugar-sweetened beverages},
  journal = {American Journal of Agricultural Economics},
  year    = {2010},
  volume  = {93},
  number  = {1},
  pages   = {175-193},
  issn    = {0002-9092},
  type    = {Journal Article},
}
